3108 5098
800 319 851 395 82

274 519 399 580 rentiam
420 517 506 588 fidei,
534 521 563 578 et
584 521 685 598 postea
706 517 898 591 intellexerit,
927 518 1195 597 poenitentiamque
1216 535 1303 594 agere
1323 537 1381 579 vo·

275 619 380 690 luerit,
401 618 540 696 reliquias
559 618 646 678 debet
665 620 694 678 in
710 619 776 695 igne
791 635 992 689 concremare,
1014 619 1044 678 et
1057 617 1098 678 X.
1112 635 1203 678 annos
1218 618 1379 697 poenitere.

276 716 306 779 Si
327 721 426 779 autem
449 720 504 777 scit
525 722 556 777 et
569 718 711 793 neglegit,
732 719 908 796 poenitentia
923 718 1029 778 iterum
1044 721 1222 790 commotus,
1243 717 1342 778 Xllll.
1355 719 1379 794 ¹)

276 835 365 881 annos
388 819 544 897 poeniteat.
588 824 616 891 §-
638 815 686 878 1t.
709 819 738 878 Si
763 819 829 894 quis
853 837 870 878 a
894 817 952 877 fide
973 817 1025 877 Dei
1048 817 1215 878 discesserit
1236 819 1299 878 sine
1319 817 1382 878 ulla

276 919 465 989 necessitate,
497 920 526 975 et
551 920 670 992 postea,
700 935 736 977 ex
760 919 820 976 tcto
844 919 940 978 animo
966 935 1140 989 conversus,
1169 918 1380 996 poenitentiam

276 1035 363 1094 agere
384 1017 525 1088 voluerit,
554 1015 605 1076 ill.
628 1035 719 1076 annos
740 1019 822 1076 extra
845 1016 1032 1088 aecclesiam,
1062 1018 1090 1077 id
1114 1020 1177 1090 est,
1200 1019 1277 1077 inter
1297 1017 1383 1077 audi-

276 1121 356 1178 tores
371 1117 436 1188 liat;
458 1119 489 1176 et
505 1115 554 1176 Vl.
570 1135 660 1177 annos
674 1118 753 1176 omni
768 1135 800 1176 se
815 1118 986 1177 contritione
1002 1114 1131 1193 dejiciat3
1153 1117 1265 1178 duobus
1280 1120 1382 1176 antem

277 1217 360 1277 annis
385 1218 448 1276 sine
471 1215 614 1278 oblatione
638 1216 743 1295 populo
768 1217 796 1275 in
821 1218 952 1278 oratione
977 1219 1186 1290 communicet3
1218 1217 1321 1277 deinde
1344 1216 1382 1277 ad

278 1317 511 1377 communionem
533 1317 712 1377 admittatur.

278 1515 423 1570 xxxi.
461 1517 506 1566 DE
536 1516 766 1568 olscnumonu
791 1516 958 1572 emortum,
984 1518 1115 1570 MUNlllS
1138 1517 1183 1568 ET
1199 1518 1380 1570 lNllUNlllS·

341 1641 369 1707 §-
386 1635 413 1695 1.
436 1632 494 1707 Qui
515 1634 670 1696 manducat
690 1654 807 1695 carnem
828 1637 1014 1710 inmundam,
1037 1641 1087 1698 aut
1109 1639 1308 1710 morticinam,
1330 1643 1383 1702 aut

279 1735 464 1796 dilaceratam
490 1755 507 1796 a
530 1735 648 1808 bestiis,
677 1735 743 1797 XL.
769 1737 829 1797 dies
856 1739 1018 1815 poeniteat3
1047 1738 1072 1798 si
1096 1741 1271 1800 necessitate
1294 1735 1382 1802 lamis

280 1838 417 1910 cogente,
440 1836 532 1895 multo
554 1835 648 1896 levius
658 1833 693 1914 ²).
737 1841 764 1907 §.
787 1837 815 1894 2.
836 1832 906 1897 Mus
919 1835 942 1916 ³)
965 1838 990 1897 si
1011 1839 1148 1898 ceciderit
1169 1839 1197 1896 in
1222 1837 1382 1916 liquorem,

279 1934 397 1994 tollatur
419 1935 499 2007 inde,
523 1938 552 1995 et
574 1939 743 2012 aspergatur
764 1936 858 2012 liquor
877 1936 925 1995 ille
940 1955 1015 2014 aqua
1029 1935 1190 1998 benedicta.
1232 1938 1263 1998 Si
1276 1941 1382 2000 vivens

280 2033 334 2105 sit,
356 2035 472 2106 utatur;
494 2037 519 2093 si
543 2039 676 2094 mortuus
697 2035 785 2095 luerit
807 2029 959 2108 inventus,
982 2037 1076 2096 omnis
1095 2035 1191 2112 liquor
1213 2035 1384 2114 projiciatur

280 2131 373 2203 lorus,
396 2151 449 2193 nec
470 2132 506 2192 ab
527 2132 693 2195 hominibus
708 2139 857 2206 sumatur,
879 2137 941 2196 sive
955 2136 1001 2195 lac
1017 2138 1072 2204 sit,
1095 2137 1157 2196 sive
1172 2137 1312 2208 cervisia,
1333 2137 1384 2198 vel

279 2231 387 2308 aliquid
412 2231 598 2312 huJusmodi3
619 2236 649 2292 et
671 2234 828 2294 mundetur
851 2254 912 2296 vas.
957 2241 984 2308 §.
1009 2237 1036 2297 3.
1058 2231 1141 2308 Quod
1164 2239 1189 2296 si
1211 2235 1322 2297 multus
1345 2238 1384 2296 sit

279 2331 374 2409 liquor
397 2331 444 2390 ille
467 2333 495 2391 in
519 2351 577 2410 quo
598 2351 666 2392 mus
686 2333 734 2394 vel
757 2334 881 2393 mustela
907 2335 1035 2395 incidens
1058 2337 1200 2408 moritur,
1222 2337 1382 2412 purgetur,

279 2431 458 2502 decimetur,
490 2434 520 2491 et
543 2437 713 2509 aspergatur
737 2437 952 2511 aqua'sancta,
982 2439 1011 2494 et
1034 2437 1181 2504 sumatur,
1212 2437 1238 2494 si
1263 2453 1384 2495 necesso

279 2531 325 2591 sit.
369 2534 397 2602 ἕ.
421 2527 449 2590 lc.
473 2529 503 2591 Si
527 2533 554 2590 in
577 2532 696 2610 larina,
709 2537 761 2594 aut
783 2534 810 2592 in
834 2533 931 2610 aliquo
951 2535 1027 2594 sicco
1048 2534 1142 2612 cybo,
1164 2534 1264 2594 autin
1286 2533 1383 2612 pulte,

278 2634 330 2693 aut
354 2631 381 2690 in
407 2631 523 2703 melles
541 2636 591 2692 aut
617 2633 645 2691 in
670 2633 745 2694 lacte
767 2634 936 2710 coagulato,
969 2653 1036 2695 mus
1055 2634 1102 2696 vel
1128 2633 1254 2694 mustela
1275 2635 1384 2694 mortui

279 2733 487 2803 inveniuntur,
510 2750 585 2808 quae
608 2734 636 2791 in
661 2735 782 2794 circuitu
805 2731 869 2809 ejus
891 2737 959 2794 sunt
980 2731 1167 2812 projiciantur
1186 2732 1282 2802 foras:
1305 2734 1383 2810 quod

278 2831 425 2910 reliquum
446 2835 491 2892 est
506 2837 678 2908 aspergatur
692 2852 768 2910 aqua
783 2833 954 2906 benedicta,
976 2837 1006 2892 et
1019 2837 1128 2895 utatur.
1172 2837 1199 2904 §.
1216 2832 1244 2894 5.
1266 2831 1297 2892 Si
1312 2849 1385 2892 aves

280 2915 442 2991 stercorant
464 2933 491 2990 in
515 2950 732 3011 quemcumque
754 2934 916 3013 liquorem,
944 2934 1062 2994 tollatur
1083 2932 1120 2994 ab
1144 2951 1178 2992 eo
1200 2936 1331 3000 stercus,
1354 2933 1385 2990 et

206 3029 210 3039 '
280 3029 437 3091 mundetur
459 3029 551 3107 cybus
574 3050 649 3108 aqna
673 3032 841 3102 benedicta,
873 3035 902 3092 et
928 3036 1071 3094 sumatur.
1115 3037 1143 3104 §.
1165 3033 1194 3093 6.
1223 3029 1253 3092 si
1277 3029 1385 3106 gallina

280 3132 332 3189 aut
358 3128 564 3205 quodcumque
589 3130 699 3190 animal
725 3133 754 3190 in
780 3134 901 3208 puteum
928 3133 1082 3204 ceciderit,
1115 3135 1143 3190 et
1169 3130 1209 3191 ibi
1234 3133 1385 3191 mortuum

281 3227 432 3288 inventum
464 3226 570 3299 luerit,
602 3233 709 3306 puteus
734 3235 909 3304 evacuetur,
941 3233 1102 3292 etiterum
1127 3231 1284 3290 mundetur
1307 3247 1386 3306 aqua

281 3325 432 3388 benedicta
454 3345 520 3388 curn
540 3331 678 3390 oratione.
716 3311 754 3391 ¹Si
777 3331 903 3390 scienter
925 3333 990 3408 quis
1013 3348 1106 3391 exeo
1129 3328 1251 3397 biberit,
1276 3326 1386 3406 jejunet

281 3425 471 3489 ebdomadam
493 3427 516 3488 1.
561 3426 593 3488 Si
612 3448 683 3491 vero
704 3432 869 3507 ignoranter
890 3431 1008 3510 lecerit,
1029 3431 1102 3491 feria
1117 3429 1182 3490 llll.
1198 3432 1228 3489 et
1244 3427 1293 3488 VI.
1309 3425 1387 3504 jeju·

280 3529 345 3600 net,
367 3529 517 3606 usquead
541 3547 656 3592 nonam.
699 3537 727 3604 ὃ.
747 3533 776 3592 7.
799 3530 830 3592 Si
851 3530 939 3592 homo
961 3533 988 3592 in
1010 3535 1131 3611 puteum
1155 3533 1207 3590 aut
1228 3530 1387 3589 cisternam

282 3629 437 3699 ceciderit,
470 3634 499 3690 et
523 3629 561 3689 ibi
590 3634 724 3692 mortuus
751 3633 885 3693 inventus
912 3632 1018 3705 luerit,
1050 3635 1157 3711 puteus
1183 3633 1234 3692 aut
1260 3629 1387 3690 cisterna

282 3731 459 3801 evacuetur,
488 3732 517 3790 et
541 3731 647 3792 iterum
673 3751 748 3810 aqua
771 3733 949 3794 sanctificata
972 3733 1128 3794 mundetur
1153 3749 1221 3792 cum
1245 3729 1386 3791 oratione.

282 3824 313 3887 Si
335 3829 461 3888 scienter
482 3832 548 3906 quis
569 3848 605 3890 ex
626 3849 661 3890 eo
682 3831 803 3904 biberit,
824 3833 890 3894 XL.
911 3834 973 3893 dies
993 3852 1010 3892 a
1030 3835 1100 3910 potu
1120 3830 1278 3902 abstineat,
1300 3831 1331 3888 et
1343 3829 1387 3905 je-

278 3923 363 4003 junet
380 3925 452 3988 feria
468 3925 535 3989 llll.
551 3934 581 3989 et
598 3930 645 3990 v1.
660 3950 755 4010 usque
770 3934 805 3996 ad
821 3951 936 3994 nonam.
979 3932 1010 3993 Si
1026 3949 1097 3992 vero
1118 3932 1285 4008 ignoranter
1306 3927 1387 3989 lece-

283 4026 337 4097 rit,
367 4027 438 4088 XX.
461 4029 522 4090 dies
546 4033 702 4110 poeniteat.
746 4038 774 4105 s.
796 4034 827 4095 8.
848 4033 879 4095 Si
900 4051 986 4106 mus,
1014 4032 1060 4094 vel
1084 4033 1205 4110 gallina,
1234 4033 1285 4093 aut
1307 4028 1386 4091 aliud

284 4127 372 4204 quid,
394 4128 581 4191 cecideritin
602 4132 715 4206 oleum,
737 4136 789 4196 aut
808 4136 836 4195 in
857 4133 934 4206 mel,
956 4135 986 4192 et
1007 4133 1046 4193 ibi
1065 4133 1173 4194 mortui
1189 4131 1386 4202 inveniuntur,

354 4339 382 4400 1)
400 4339 434 4391 x.
452 4304 488 4390 nJ

353 4423 382 4488 2)
401 4426 458 4476 tlon
477 4431 559 4476 nocet.
579 4426 610 4476 N.

355 4509 384 4576 t)
402 4513 494 4562 Snrrm
512 4514 543 4565 tl.
