3108 5098
688 339 736 413 du

161 538 192 600 id
211 540 258 598 est
278 553 398 598 annum
441 531 472 594 Si
494 535 522 594 in
545 531 753 596 consuetudins
774 531 917 606 babuerit,
939 533 990 596 lll.
1013 534 1121 596 annosi
1141 535 1172 596 uf
1190 551 1262 599 vero

161 638 191 698 iu
212 645 296 712 targa
317 636 449 713 nupserit
461 630 500 715 ¹),
524 633 574 694 lll.
597 651 686 697 annos
707 633 862 710 poeniteat,
885 633 953 708 qnia
974 633 1176 696 sodomiticum
1198 651 1263 696 aee·

161 736 210 797 lua
239 733 304 794 eati
345 734 377 793 Si
409 734 437 792 in
468 732 675 794 consuetudine
705 731 859 804 babuerit,
890 729 954 793 Vll.
985 749 1075 795 annos
1106 737 1262 813 poeniteat.

164 839 192 906 S.
214 835 265 896 20.
294 831 354 906 Qui
375 834 486 894 diutius
507 831 703 902 fornicationi,
725 829 869 912 perjurio,
892 831 1059 906 latrocinio,
1081 837 1264 913 caeterisque

163 933 281 1010 bagitiia
301 933 448 1002 serviunt,
470 931 651 993 XV.=annos
672 933 846 1010 poeniteant.
882 934 911 1003 ς.
932 931 983 992 21.
1006 931 1037 993 Si
1059 935 1125 1009 quis
1147 934 1193 995 vir
1213 940 1265 997 aut

164 1033 271 1094 mulier
299 1035 386 1092 novet
413 1033 627 1108 virginitatem,
657 1034 687 1092 et
714 1034 815 1110 postea
844 1027 974 1107 jungitur
1004 1033 1033 1092 in
1062 1036 1264 1109 matrimonio,

164 1151 221 1194 non
242 1133 405 1194 dimittatur
426 1131 512 1203 illud,
534 1131 585 1191 sed
604 1133 750 1211 poeniteat
766 1129 816 1192 lll.
832 1149 929 1193 annos.
972 1137 999 1204 s.
1014 1131 1066 1193 22.
1088 1133 1162 1195 Vota
1177 1135 1266 1197 stulta

165 1233 322 1308 frangenda
346 1235 430 1301 sunt,
453 1235 483 1292 et
504 1231 696 1309 inportabilia.
739 1235 767 1302 s.
788 1231 838 1292 23.
861 1230 978 1294 Mulieri
999 1249 1055 1292 non
1076 1233 1145 1294 licet
1164 1238 1266 1298 uotum

165 1349 291 1403 severe,
312 1331 376 1391 sine
397 1347 539 1392 consensu
559 1333 632 1405 viri3
654 1331 706 1393 sed
726 1335 757 1391 et
779 1333 802 1393 ai
822 1331 962 1402 voluerit,
985 1331 1090 1392 dimitti
1104 1337 1216 1413 potest,
1237 1338 1267 1396 et

166 1432 313 1510 poeniteat
332 1428 440 1506 judicio
462 1431 631 1492 sacerdotis.
673 1438 702 1505 ς.
722 1428 774 1492 2b.
801 1429 919 1491 Puellae
940 1447 1016 1506 quae
1036 1447 1091 1490 non
1112 1435 1267 1510 parentum

167 1535 285 1592 coactae
308 1530 447 1610 imperio,
477 1531 528 1590 sed
553 1535 711 1611 spontaneo
735 1529 859 1608 judicio,
890 1531 1062 1607 virginitatis
1087 1535 1268 1613 propositum

167 1635 258 1708 atque
277 1629 411 1692 habitum
433 1635 643 1711 susceperunt,
665 1634 689 1691 si
709 1635 809 1712 postea
829 1633 946 1712 nuptias
960 1631 1097 1708 diligunt,
1118 1635 1269 1712 praevari-

167 1735 282 1801 cantur,
302 1731 390 1791 etiam
412 1732 437 1790 si
459 1732 637 1792 consecratio
658 1747 713 1790 non
736 1731 869 1802 accessit,
891 1729 973 1808 cuius
994 1733 1097 1808 utique
1115 1750 1170 1792 non
1189 1733 1270 1794 frau-

168 1831 307 1890 darentur
327 1847 466 1902 munere,
488 1831 560 1891 siin
583 1833 729 1910 proposito
749 1833 964 1910 permanerent.
1006 1829 1125 1893 Talibus
1139 1834 1269 1896 studiose

169 1931 332 1992 remedium
360 1929 568 2009 quaerentibus
594 1932 769 2011 poenitentia
797 1947 853 1990 non
882 1929 1059 2007 denegetur,
1094 1934 1162 2010 quia
1188 1933 1269 1996 Deus

170 2033 259 2094 dixit:
282 2031 384 2095 «Cum
403 2051 561 2094 conversus
583 2033 776 2110 ingemueris,
798 2032 896 2094 salvus
918 2033 976 2093 eris
986 2051 1020 2091 a:
1043 2030 1080 2092 V.
1098 2051 1187 2095 annos
1202 2051 1271 2113 poe·

170 2134 297 2204 niteant,
318 2136 348 2192 et
369 2150 518 2210 nunquam
539 2135 603 2194 sine
622 2133 798 2212 poenitentia
818 2131 907 2204 fiant,
929 2134 959 2191 et
978 2132 1054 2193 ultra
1074 2151 1108 2194 se
1127 2151 1183 2194 non
1202 2151 1271 2194 con-

169 2231 299 2311 jungant.
341 2231 435 2304 est.
457 2233 487 2295 Si
508 2233 600 2294 laicus
620 2251 687 2294 cum
704 2235 859 2292 meretrice
873 2230 1076 2306 fornicaverit,
1099 2233 1164 2294 llll.
1180 2250 1272 2295 annos

171 2333 326 2410 poeniteat.
369 2331 401 2394 Si
423 2336 452 2392 in
473 2333 683 2394 consuetudine
703 2330 855 2404 babuerit,
878 2330 916 2392 V.
936 2351 1037 2395 annos.
1079 2331 1220 2395 Similiter
1242 2335 1273 2395 et

172 2432 220 2494 illa
246 2433 411 2509 poeniteat3
443 2435 512 2510 quia
533 2432 697 2494 Christiana
725 2431 827 2508 religio
852 2430 1068 2493 fornicationem
1093 2435 1122 2492 in
1147 2435 1273 2510 utroque

172 2547 246 2594 sexu
274 2533 337 2611 pari
363 2533 474 2592 ratione
501 2532 702 2611 condempnat.
744 2535 773 2603 ς.
794 2531 845 2592 26.
878 2529 909 2591 Si
937 2531 1030 2592 laicus
1053 2530 1273 2592 fornicationem

173 2649 240 2692 oum
263 2630 363 2690 multis
384 2629 517 2693 faemiuis
538 2631 686 2703 imitatur,
708 2630 736 2690 id
757 2633 803 2689 est
823 2647 890 2690 cum
913 2629 1099 2703 vacantibus,
1121 2632 1184 2693 sive
1205 2648 1274 2691 cum

171 2731 449 2804 nanctimonialibns,
470 2731 510 2790 ita
531 2735 566 2791 ut
587 2731 674 2792 etiam
697 2747 851 2790 numerum
868 2731 989 2802 nesciat,
1010 2730 1049 2790 X.
1066 2749 1156 2792 annos
1174 2730 1279 2810 poeni·¹

173 2834 251 2902 teat,
281 2829 348 2890 llll.
371 2831 399 2891 in
427 2848 500 2910 pane
529 2835 559 2890 ef
587 2848 673 2910 aqua.
715 2829 745 2890 Si
772 2847 844 2890 vero
869 2845 935 2891 cum
956 2847 1048 2891 uxore
1069 2829 1207 2903 alterius,
1233 2829 1274 2890 si·

174 2930 295 3006 mulque
314 2945 381 2990 cum
402 2929 612 2992 sanctimoniali
638 2932 668 2990 et
683 2927 854 2990 vacantibus
870 2945 958 3008 saepe
975 2928 1193 2990 fornicationem
1208 2928 1274 2990 imi·

175 3031 271 3100 tatm,
293 3027 361 3088 xli.
375 3045 466 3089 annos
485 3029 648 3108 poeniteat,
670 3026 722 3088 lll.
739 3027 767 3087 in
789 3045 864 3106 pane
878 3031 908 3088 et
923 3046 1009 3107 aqua.
1051 3033 1079 3102 s.
1094 3029 1146 3090 27.
1168 3025 1275 3088 Siblia

175 3127 204 3187 in
219 3128 305 3188 domo
320 3132 475 3207 parentum
492 3128 709 3190 fornicationem
725 3127 802 3198 facit,
822 3127 874 3188 lll.
890 3145 979 3189 annos
994 3131 1149 3207 poeniteat.
1178 3132 1207 3200 §-
1222 3127 1274 3195 28.

176 3225 206 3287 Si
227 3228 274 3288 vir
294 3230 324 3288 et
345 3227 450 3288 mulier
470 3229 669 3305 oonprnxerint
691 3245 723 3288 se
744 3229 773 3286 in
794 3229 1001 3301 matrimonio,
1022 3231 1052 3289 et
1074 3231 1173 3307 postea
1195 3228 1276 3288 dixe-

175 3327 216 3386 rit
241 3327 347 3388 mulier
374 3327 411 3388 de
436 3328 517 3399 viro,
547 3345 603 3387 non
625 3343 710 3406 posse
731 3324 841 3387 nubere
861 3345 929 3388 cum
952 3346 1005 3400 eoa
1037 3328 1061 3388 si
1084 3327 1150 3406 quis
1170 3327 1277 3408 poterit

176 3425 300 3507 probare
328 3428 405 3505 quod
430 3445 533 3488 verum
565 3429 619 3500 sit,
649 3426 772 3506 accipiat
793 3426 893 3492 alium.
937 3431 964 3499 s.
987 3425 1039 3488 29.
1068 3427 1199 3490 Puellam
1225 3425 1278 3485 de-

177 3529 348 3606 sponsatum
370 3545 425 3586 non
448 3527 516 3588 licet
538 3525 705 3606 parentibus
726 3525 795 3586 dare
816 3525 994 3598 alterium,
1016 3527 1069 3587 nisi
1093 3525 1140 3586 ilia
1161 3526 1277 3584 omniuo

176 3627 313 3698 resistat3
334 3630 431 3686 tamen
453 3626 490 3686 ad
511 3627 720 3686 monasterium
742 3624 808 3684 licet
829 3625 882 3697 ire,
903 3625 929 3685 si
949 3625 1088 3694 voluerim
1110 3624 1156 3683 illa
1177 3624 1277 3684 autem
1379 3615 1388 3638 '

178 3725 368 3805 desponsata,
400 3728 426 3787 si
448 3743 503 3786 non
525 3725 589 3787 vult
613 3722 745 3785 habitare
766 3741 833 3785 cum
854 3741 889 3783 eo
910 3722 989 3793 viro,
1018 3723 1065 3783 cui
1086 3725 1132 3783 eat
1153 3722 1278 3802 despon-

180 3829 262 3898 sata,
290 3824 430 3888 reddatur
451 3827 478 3884 ei
499 3825 639 3905 paecunia
661 3841 749 3901 urnam
771 3841 824 3902 pro
845 3823 908 3900 ipsa
929 3821 1026 3891 dedit,
1054 3825 1084 3881 et
1104 3823 1190 3883 tertia
1210 3838 1279 3901 para

179 3924 319 3998 addatur3
342 3925 366 3986 si
388 3928 486 3987 autem
508 3923 556 3984 ille
576 3923 710 3990 noluerit.
732 3921 836 4002 perdat
856 3921 1026 4001 paecuniam
1049 3938 1136 3998 quam
1158 3939 1210 4001 pro
1229 3919 1279 3981 illa

180 4024 268 4086 dedit.
312 4030 340 4097 ς.
356 4025 406 4086 30.
429 4008 536 4086 Mulier
557 4041 633 4101 quae
654 4040 756 4100 semen
778 4022 834 4084 siri
855 4023 902 4082 sui
923 4022 952 4080 in
973 4018 1082 4099 cybum
1096 4021 1225 4092 miserit,
1247 4021 1281 4080 uf

182 4126 248 4186 inde
270 4127 378 4187 amoris
400 4123 463 4202 ejus
491 4123 556 4204 plus
577 4124 718 4200 accipiat,
745 4121 810 4182 Vll.
834 4138 924 4183 annos
946 4122 1099 4198 poeniteat.
1142 4119 1282 4182 Similiter

180 4225 231 4286 illa
256 4226 417 4303 poeniteat,
444 4240 521 4300 quae
544 4239 646 4286 semen
667 4222 723 4283 viri
748 4221 793 4282 eui
816 4220 993 4296 neglexerit,
1020 4223 1071 4282 aut
1095 4220 1124 4278 in
1145 4218 1280 4280 arborem

180 4323 329 4402 putridam
345 4325 439 4400 ponit,
460 4325 494 4383 ut
508 4339 564 4382 non
579 4324 701 4398 generet
719 4319 825 4380 liberos
837 4317 872 4400 ²).
915 4321 944 4389 §.
960 4319 1011 4380 uf.
1031 4316 1110 4380 Uxor
1124 4335 1200 4396 quac
1212 4333 1281 4378 aan-

178 4464 183 4474 ·
241 4445 280 4509 ·1)
299 4444 415 4497 Psnftere
434 4445 510 4497 debet
528 4440 602 4510 quasi
620 4445 663 4498 file
682 4446 726 4508 qui
744 4455 803 4495 cum
822 4441 986 4494 animalibus.
1004 4445 1036 4497 N.

252 4533 280 4600 2)
299 4534 352 4599 Qui
364 4543 454 4586 semen
468 4533 496 4586 fn
507 4543 537 4585 os
554 4533 660 4594 miserit,
679 4531 738 4590 Vll.
756 4541 839 4584 annos
856 4529 984 4598 peniteat,
1001 4527 1050 4582 boc
1066 4528 1209 4594 pessimum
1225 4537 1283 4581 ma·
