3094 5100
686 315 758 393 105

165 509 288 573 irmdere
316 529 374 572 uon
402 510 489 587 lieet;
519 515 628 592 quanto
648 513 818 590 magisnec
840 509 1016 575 sacrificium
1037 509 1206 573 Mediatoris
1226 511 1271 574 oi·

164 609 269 672 tonet
311 609 370 686 Qui
391 616 491 675 sutem
511 613 559 674 rel
581 616 610 674 in
631 613 735 675 ultimo
755 614 834 676 vitre
855 614 959 691 spiritu
980 611 1153 674 fiducialiter
1171 613 1270 690 poeni-

164 712 272 785 tuerit,
302 712 465 774 ooniitendo
485 715 623 793 peooote,
652 731 706 791 pro
728 712 777 772 itlo
796 714 911 789 oportet
930 729 1032 785 orere,
1059 710 1202 787 illumque
1222 729 1270 772 re·

165 810 328 882 oouoiliar13
360 813 428 889 quia
457 813 485 872 iu
513 813 627 874 actione
654 813 865 890 poenitentiae,
896 829 953 872 nou
980 814 1041 872 taur
1064 809 1270 875 consideranda

165 914 211 972 est
233 928 370 972 mensure
391 912 531 991 temporis
552 929 642 989 quem
664 910 787 985 doloris3
815 911 959 974 Dominus
980 929 1107 988 nemque
1128 927 1181 988 per
1202 927 1271 989 pro·

163 1010 284 1092 phetam
307 1014 463 1072 attestatus
485 1013 539 1084 est,
562 1011 677 1072 dicens:
701 1011 760 1072 «tu
783 1029 968 1088 quacumque
989 1012 1036 1071 die
1053 1014 1188 1089 peooetor
1202 1028 1271 1071 eou-

164 1129 270 1174 versus
297 1110 386 1171 tuerit
412 1115 443 1172 et
472 1111 663 1192 ingemuerit,
693 1111 792 1174 salvus
814 1113 908 1172 erit»,
951 1112 990 1172 Et
1011 1111 1162 1189 psalmisto
1183 1110 1270 1172 dicit:

165 1208 251 1272 «Cor
281 1211 438 1273 ooutritum
469 1215 498 1272 et
526 1210 711 1272 humiliatum
740 1210 820 1272 Deus
850 1230 906 1272 uon
935 1213 1084 1288 speruit».
1127 1209 1183 1273 Cui
1209 1210 1270 1271 Dso

163 1309 257 1372 honor
277 1315 307 1371 et
327 1311 416 1400 gioria
439 1313 468 1372 in
490 1312 605 1373 saecula
627 1311 821 1374 saeculorum.
866 1311 968 1373 tmen.

237 1478 323 1530 Codex
341 1480 373 1532 tt.
392 1479 433 1530 his
452 1479 578 1532 etsuditur
595 1478 742 1531 versiculis:

365 1597 408 1659 'l’e
429 1617 524 1671 nuno,
546 1601 646 1661 saneto
668 1598 851 1678 speculator,

366 1697 456 1760 Verbi
478 1699 532 1759 Dei
553 1697 639 1776 digne
660 1699 758 1773 dator,

365 1798 496 1874 Heeddi,
522 1801 571 1880 pie
590 1799 706 1880 presul,
729 1816 850 1877 preoor,
899 1821 903 1828 ⁴

365 1900 539 1962 Pontificum
561 1899 654 1964 ditum
675 1900 781 1972 deser,

365 1998 420 2061 Pro
442 2019 490 2063 me
511 2005 563 2063 tuo
584 2002 758 2080 peregrino,

366 2100 472 2162 Preces
494 2100 583 2164 tunde
603 2100 765 2162 Theodoro.
