3108 5098
728 373 778 448 81

217 562 256 626 ’8.
277 563 321 624 lle
341 563 389 626 bis
410 565 461 643 qni
482 567 690 644 poenitentiam
711 569 832 630 minime
853 573 1055 632 serraverunt
1152 591 1156 598 ’
1277 593 1282 600 ·

225 661 254 724 9.
282 662 327 724 De
353 664 483 726 remedio
511 667 687 745 poenitentia
714 671 745 728 et
773 667 849 747 quod
877 667 1020 730 absolutio
1049 671 1231 750 penitentum
1254 687 1307 751 per

287 781 430 826 manuum
452 767 667 846 impositionem
688 769 890 847 episcoporum
913 767 1172 848 supplicationibus
1193 770 1253 834 list.

204 863 255 924 10.
277 863 321 924 De
348 863 394 925 bis
421 867 471 944 qui
494 869 726 929 communionem
748 871 881 947 tempore
901 871 1006 932 mortis
1026 874 1186 950 exposcunt
1207 873 1307 934 antei

286 963 452 1044 disperatus
481 969 511 1026 et
538 971 710 1032 consecutus
732 971 965 1032 communionem
988 972 1095 1033 iterum
1116 971 1306 1037 convaluerit.

204 1065 254 1128 11.
277 1065 322 1126 De
349 1066 566 1144 poenitentibus
594 1070 626 1129 ut
655 1085 673 1130 a
701 1068 883 1148 presbyteris
914 1087 971 1130 non
998 1071 1224 1134 reconcilientur
1251 1071 1307 1132 nisi

284 1163 406 1244 jubente
426 1169 571 1249 episcopo.

204 1267 255 1328 ie.
283 1268 356 1328 ltem
379 1267 415 1328 de
435 1267 538 1331 eadem
559 1289 603 1330 re.

203 1366 253 1428 13.
276 1365 320 1426 De
341 1371 474 1447 tempore
494 1371 676 1432 remissionis
697 1373 903 1451 poenitentiae.

204 1466 254 1530 11.
281 1465 326 1526 De
348 1470 552 1529 communione
573 1471 697 1548 privatis
717 1473 747 1531 et
768 1473 809 1535 ite
834 1467 988 1534 defunctis.

205 1565 253 1628 15.
275 1567 320 1628 De
349 1567 395 1629 bis
416 1571 468 1647 qni
493 1584 546 1648 pro
567 1571 692 1634 dirersis
713 1572 930 1651 poenitudinem
953 1571 1116 1636 ferventius
1136 1573 1306 1649 exegerunt.

206 1667 255 1729 16.
277 1667 320 1728 lle
342 1669 464 1748 epistola
485 1669 585 1732 iacobi
607 1672 738 1752 Apostoli
759 1673 788 1733 in
811 1690 867 1751 qua
889 1691 942 1753 pro
964 1670 1087 1734 infirmis
1109 1689 1193 1734 orare
1220 1689 1307 1752 prae*

286 1769 392 1848 cipitur
414 1771 443 1829 et
465 1787 575 1848 ungere
596 1772 671 1833 oleo.

345 1920 437 1984 lncipit
454 1921 518 1972 liber
535 1924 666 1975 secundus
684 1924 716 1974 de
731 1925 830 1986 judicio
848 1923 1020 1986 poenitentiae
1038 1923 1171 1973 laicorum.

264 2014 340 2078 Sane
360 2016 429 2092 quia
458 2018 494 2079 de
515 2018 607 2080 livore
628 2019 753 2084 invidiae
775 2023 805 2080 et
827 2019 863 2079 de
885 2019 928 2080 ira
949 2034 1003 2078 nec
1024 2035 1080 2078 non
1101 2020 1131 2077 et
1152 2014 1188 2078 de
1209 2015 1306 2078 avari·

202 2114 243 2176 tia
263 2116 396 2176 oriuntur
422 2116 578 2179 homicidia
598 2123 679 2180 recte
702 2123 734 2180 ut
754 2119 879 2182 arbitror
901 2118 1070 2180 censuimus
1092 2115 1129 2178 de
1142 2117 1214 2196 ⁴ipso
1234 2117 1307 2178 vilio

201 2213 329 2292 primum
358 2215 485 2294 qualiter
510 2217 682 2282 sacerdotali
706 2217 816 2298 judicio
842 2218 978 2280 canonice
1007 2219 1124 2296 penitus
1150 2218 1188 2276 ait
1216 2215 1306 2278 corri-

201 2313 329 2389 gendum
356 2315 509 2377 ostendere
539 2335 573 2378 ao
605 2317 708 2380 deinde
738 2318 901 2380 secundum
932 2316 1064 2378 ordinem
1095 2316 1235 2377 vitiorum
1265 2315 1306 2376 ita

201 2411 364 2497 remedium
386 2414 593 2493 subsequatur.

164 2574 167 2582 ,
265 2506 331 2583 Quo
358 2511 471 2575 facilius
499 2515 694 2595 undecunque
714 2509 866 2598 poenitens
887 2535 1013 2595 purgare
1033 2513 1158 2578 'voluerit
1178 2515 1241 2576 sine
1262 2511 1307 2574 di·

201 2607 308 2672 latione
329 2612 358 2672 in
379 2613 500 2690 singulis
521 2617 654 2694 capitulis
675 2620 848 2681 inveniatur.
1298 2614 1302 2624 ’

518 2767 649 2830 Incipiunt
667 2766 776 2830 capitula
795 2766 853 2818 libri
872 2765 988 2818 secundi.

574 2849 663 2920 (Gen.
685 2855 697 2908 1
718 2855 768 2909 unt
786 2853 803 2908 2
824 2849 958 2920 tabita).

222 2939 251 3002 3.
272 2942 318 3003 De
337 2941 383 3005 bis
404 2945 454 3024 qui
476 2949 577 3024 partus
598 2965 667 3009 suos
688 2965 725 3008 ex
746 2947 933 3009 fornicatione
954 2944 1079 3008 diversis
1099 2943 1193 3006 modis
1213 2945 1305 3006 inter·

286 3043 388 3104 imunt.

222 3137 251 3200 1.
273 3141 320 3202 lle
340 3141 386 3204 bis
407 3144 457 3221 qni
479 3161 581 3208 servos
601 3164 670 3210 suos
691 3151 774 3212 extra
791 3145 921 3226 judicem
942 3147 1056 3208 necent.
1092 3173 1095 3179 ·

221 3235 251 3301 11.
273 3241 304 3302 Si
325 3241 441 3304 domina
462 3262 515 3324 per
536 3245 631 3308 zelum
653 3247 787 3309 ancillam
808 3247 957 3308 occiderit.

221 3340 253 3402 e.-
275 3340 318 3401 lle
345 3340 393 3403 bis
413 3346 463 3421 qui
486 3343 541 3406 sibi
563 3362 737 3424 quacunque
758 3345 932 3434 negligentia
954 3347 1080 3406 mortem
1101 3341 1245 3416 inierunt,
1274 3345 1305 3404 et

283 3441 320 3500 de
341 3441 387 3503 bis
409 3443 459 3520 qui
479 3461 532 3522 pro
554 3447 615 3506 suis
634 3445 797 3514 sceleribus
817 3449 989 3526 puniuntur.

220 3541 250 3601 7.
272 3539 318 3602 ne
339 3540 385 3601 bis
405 3544 456 3620 qui
478 3545 508 3604 in
528 3544 655 3622 pecudes
676 3545 724 3608 vel
746 3547 775 3606 in
797 3545 943 3607 masculos
964 3545 1015 3606 aut
1035 3542 1105 3605 olim
1119 3541 1222 3622 polluti
1235 3541 1304 3602 sunt

285 3645 336 3701 aut
357 3640 498 3704 hactenus
520 3642 575 3705 boc
597 3645 667 3707 vitio
688 3645 850 3706 tabescunt.

222 3739 255 3804 8.
274 3739 321 3804 lle
348 3741 395 3803 bis
422 3744 473 3822 qui
501 3735 648 3808 adulteras
676 3744 787 3808 babeat
806 3763 914 3807 uxorea
934 3741 981 3804 vel
1002 3742 1059 3821 ipsi
1078 3739 1204 3804 adulteri
1224 3755 1305 3801 oom-

283 3840 452 3920 probantur.

193 3935 250 4000 ’9.
273 3939 316 3999 lie
338 3939 384 4000 bis
404 3943 455 4018 qui
476 3960 583 4003 uxores
605 3946 656 4004 aut
676 3960 753 4020 quae
773 3942 852 4004 viros
873 3941 1023 4002 dimittunt
1044 3942 1078 4002 ut
1098 3942 1142 4002 sic
1157 3941 1304 4003 maneant

200 4041 251 4101 111.
273 4037 359 4114 Quod
380 4039 411 4100 bi
432 4043 483 4118 qui
505 4043 703 4103 intercedente
720 4041 842 4120 repudio
857 4042 1013 4104 divortium
1029 4039 1212 4120 pertulerunt
1225 4039 1305 4100 aliia·

282 4154 342 4218 que
361 4158 394 4201 se
413 4131 573 4218 junxerunt
594 4142 703 4220 nuptiis
724 4139 847 4202 adulteri
869 4158 935 4202 esse
957 4142 1167 4202 monstrantur.
1292 4175 1297 4184 -

200 4238 250 4302 11.
272 4237 330 4312 Qui
351 4257 473 4300 uxorem
495 4240 636 4302 habetet
658 4240 745 4301 simul
767 4239 968 4303 concubinam.

200 4339 251 4402 12.
273 4339 305 4400 Si
333 4337 418 4416 orsjus
444 4357 519 4402 uxor
546 4340 722 4404 adulterium
744 4339 846 4402 iecerit
870 4343 922 4402 aut
942 4340 989 4404 vir
1009 4340 1038 4398 in
1061 4337 1154 4400 aliena
1176 4335 1303 4396 irruerit

201 4439 252 4500 13.
274 4437 318 4498 lie
338 4437 385 4500 bis
407 4440 458 4515 qui
479 4437 594 4502 duobus
613 4438 752 4505 iratribus
772 4441 935 4520 nupserint,
956 4436 1004 4502 rel
1024 4437 1075 4518 qui
1096 4437 1169 4498 duas
1190 4451 1305 4498 sorem

283 4555 391 4600 uxores
412 4540 586 4620 acceperint.
