<?xml version="1.0" encoding="UTF-8"?>
<!DOCTYPE html PUBLIC "-//W3C//DTD XHTML 1.0 Transitional//EN"
    "http://www.w3.org/TR/xhtml1/DTD/xhtml1-transitional.dtd">
<html xmlns="http://www.w3.org/1999/xhtml" xml:lang="en" lang="en">
 <head>
  <title>
</title>
<meta http-equiv="Content-Type" content="text/html;charset=utf-8" />
  <meta name='ocr-system' content='tesseract 3.04.00' />
  <meta name='ocr-capabilities' content='ocr_page ocr_carea ocr_par ocr_line ocrx_word'/>
</head>
<body>
  <div class='ocr_page' id='page_1' title='image "./dielateinischen00kunsgoog_0128.png"; bbox 0 0 3094 5100; ppageno 0'>
   <div class='ocr_carea' id='block_1_1' title="bbox 614 329 978 588">
    <p class='ocr_par' dir='ltr' id='par_1_1' title="bbox 614 329 978 588">
     <span class='ocr_line' id='line_1_1' title="bbox 774 329 847 408; baseline 0.027 -2"><span class='ocrx_word' id='word_1_1' title='bbox 774 329 847 408; x_wconf 82' lang='lat'><strong>114</strong></span> 
     </span>
     <span class='ocr_line' id='line_1_2' title="bbox 614 529 978 588; baseline -0.011 1"><span class='ocrx_word' id='word_1_2' title='bbox 614 529 616 533; x_wconf 79' lang='grc'>’</span> <span class='ocrx_word' id='word_1_3' title='bbox 692 529 921 588; x_wconf 70' lang='lat' dir='ltr'><strong>oacrio.</strong></span> <span class='ocrx_word' id='word_1_4' title='bbox 976 532 978 538; x_wconf 90' lang='lat'>·</span> 
     </span>
    </p>
   </div>
   <div class='ocr_carea' id='block_1_2' title="bbox 245 673 1362 1054">
    <p class='ocr_par' dir='ltr' id='par_1_2' title="bbox 245 673 1362 1054">
     <span class='ocr_line' id='line_1_3' title="bbox 320 673 1362 758; baseline -0.005 -15"><span class='ocrx_word' id='word_1_5' title='bbox 320 683 400 743; x_wconf 88' lang='lat' dir='ltr'><strong>Deus</strong></span> <span class='ocrx_word' id='word_1_6' title='bbox 428 677 511 758; x_wconf 77' lang='lat' dir='ltr'><strong>cujus</strong></span> <span class='ocrx_word' id='word_1_7' title='bbox 539 675 716 756; x_wconf 79' lang='lat' dir='ltr'><strong>indulgentit</strong></span> <span class='ocrx_word' id='word_1_8' title='bbox 742 694 828 737; x_wconf 91' lang='lat' dir='ltr'><strong>nemo</strong></span> <span class='ocrx_word' id='word_1_9' title='bbox 854 694 911 736; x_wconf 92' lang='lat' dir='ltr'><strong>non</strong></span> <span class='ocrx_word' id='word_1_10' title='bbox 935 673 1059 753; x_wconf 83' lang='lat' dir='ltr'>indiget,</span> <span class='ocrx_word' id='word_1_11' title='bbox 1088 673 1236 736; x_wconf 89' lang='lat' dir='ltr'><strong>memento</strong></span> <span class='ocrx_word' id='word_1_12' title='bbox 1259 675 1362 738; x_wconf 78' lang='lat' dir='ltr'><strong>famuli</strong></span> 
     </span>
     <span class='ocr_line' id='line_1_4' title="bbox 256 770 1362 862; baseline -0.006 -18"><span class='ocrx_word' id='word_1_13' title='bbox 256 785 316 855; x_wconf 89' lang='lat' dir='ltr'><strong>tui,</strong></span> <span class='ocrx_word' id='word_1_14' title='bbox 343 782 394 860; x_wconf 90' lang='lat' dir='ltr'><strong>qui</strong></span> <span class='ocrx_word' id='word_1_15' title='bbox 415 777 527 842; x_wconf 75' lang='lat' dir='ltr'><strong>lubrici</strong></span> <span class='ocrx_word' id='word_1_16' title='bbox 547 778 656 839; x_wconf 87' lang='lat' dir='ltr'><strong>terreni</strong></span> <span class='ocrx_word' id='word_1_17' title='bbox 677 775 806 857; x_wconf 89' lang='lat' dir='ltr'><strong>corporis</strong></span> <span class='ocrx_word' id='word_1_18' title='bbox 826 773 980 862; x_wconf 77' lang='lat' dir='ltr'><strong>fragilitate</strong></span> <span class='ocrx_word' id='word_1_19' title='bbox 1002 770 1126 837; x_wconf 89' lang='lat' dir='ltr'><strong>nudatus</strong></span> <span class='ocrx_word' id='word_1_20' title='bbox 1147 780 1207 849; x_wconf 86' lang='lat' dir='ltr'><strong>est,</strong></span> <span class='ocrx_word' id='word_1_21' title='bbox 1233 794 1362 853; x_wconf 87' lang='lat' dir='ltr'><strong>quaesu-</strong></span> 
     </span>
     <span class='ocr_line' id='line_1_5' title="bbox 245 864 1362 959; baseline -0.007 -15"><span class='ocrx_word' id='word_1_22' title='bbox 245 901 342 959; x_wconf 76' lang='lat' dir='ltr'><strong>mus,</strong></span> <span class='ocrx_word' id='word_1_23' title='bbox 370 864 543 944; x_wconf 78' lang='lat' dir='ltr'><strong>deveniam</strong></span> <span class='ocrx_word' id='word_1_24' title='bbox 565 876 727 949; x_wconf 87' lang='lat' dir='ltr'><strong>confitenti,</strong></span> <span class='ocrx_word' id='word_1_25' title='bbox 752 891 839 956; x_wconf 90' lang='lat' dir='ltr'><strong>parce</strong></span> <span class='ocrx_word' id='word_1_26' title='bbox 860 873 1001 956; x_wconf 88' lang='lat' dir='ltr'><strong>supplici,</strong></span> <span class='ocrx_word' id='word_1_27' title='bbox 1026 879 1059 936; x_wconf 91' lang='lat' dir='ltr'><strong>ut</strong></span> <span class='ocrx_word' id='word_1_28' title='bbox 1081 877 1213 953; x_wconf 88' lang='lat' dir='ltr'><strong>quisuis</strong></span> <span class='ocrx_word' id='word_1_29' title='bbox 1235 877 1362 955; x_wconf 82' lang='lat' dir='ltr'><strong>peccatis</strong></span> 
     </span>
     <span class='ocr_line' id='line_1_6' title="bbox 258 975 867 1054; baseline -0.018 -8"><span class='ocrx_word' id='word_1_30' title='bbox 258 983 425 1054; x_wconf 87' lang='lat' dir='ltr'><strong>accusatur,</strong></span> <span class='ocrx_word' id='word_1_31' title='bbox 448 977 706 1052; x_wconf 75' lang='lat' dir='ltr'><strong>inamiseranone</strong></span> <span class='ocrx_word' id='word_1_32' title='bbox 728 975 867 1052; x_wconf 82' lang='lat' dir='ltr'><strong>salvetur.</strong></span> 
     </span>
    </p>
   </div>
   <div class='ocr_carea' id='block_1_3' title="bbox 692 1182 919 1236">
    <p class='ocr_par' dir='ltr' id='par_1_3' title="bbox 692 1182 919 1236">
     <span class='ocr_line' id='line_1_7' title="bbox 692 1182 919 1236; baseline -0.018 -1"><span class='ocrx_word' id='word_1_33' title='bbox 692 1182 919 1236; x_wconf 65' lang='lat' dir='ltr'><strong>ORATlQ</strong></span> 
     </span>
    </p>
   </div>
   <div class='ocr_carea' id='block_1_4' title="bbox 196 1322 1367 2109">
    <p class='ocr_par' dir='ltr' id='par_1_4' title="bbox 196 1322 1367 2109">
     <span class='ocr_line' id='line_1_8' title="bbox 322 1322 1365 1412; baseline -0.001 -20"><span class='ocrx_word' id='word_1_34' title='bbox 322 1331 443 1392; x_wconf 69' lang='lat' dir='ltr'><strong>minine</strong></span> <span class='ocrx_word' id='word_1_35' title='bbox 472 1334 570 1391; x_wconf 84' lang='lat' dir='ltr'><strong>sancte</strong></span> <span class='ocrx_word' id='word_1_36' title='bbox 598 1322 690 1392; x_wconf 79' lang='lat' dir='ltr'><strong>Pater</strong></span> <span class='ocrx_word' id='word_1_37' title='bbox 716 1327 926 1408; x_wconf 84' lang='lat' dir='ltr'><strong>Omnipotens,</strong></span> <span class='ocrx_word' id='word_1_38' title='bbox 957 1332 1076 1391; x_wconf 83' lang='lat' dir='ltr'><strong>aeterne</strong></span> <span class='ocrx_word' id='word_1_39' title='bbox 1103 1327 1199 1399; x_wconf 79' lang='lat' dir='ltr'><strong>uena,</strong></span> <span class='ocrx_word' id='word_1_40' title='bbox 1231 1331 1281 1408; x_wconf 78' lang='lat' dir='ltr'><strong>qni</strong></span> <span class='ocrx_word' id='word_1_41' title='bbox 1309 1345 1365 1412; x_wconf 85' lang='lat' dir='ltr'><strong>per</strong></span> 
     </span>
     <span class='ocr_line' id='line_1_9' title="bbox 258 1429 1364 1493; baseline 0 0"><span class='ocrx_word' id='word_1_42' title='bbox 258 1433 360 1492; x_wconf 83' lang='lat' dir='ltr'><strong>lesum</strong></span> <span class='ocrx_word' id='word_1_43' title='bbox 382 1430 528 1493; x_wconf 84' lang='lat' dir='ltr'><strong>Christum</strong></span> <span class='ocrx_word' id='word_1_44' title='bbox 550 1429 641 1491; x_wconf 81' lang='lat' dir='ltr'><strong>filium</strong></span> <span class='ocrx_word' id='word_1_45' title='bbox 663 1435 746 1490; x_wconf 89' lang='lat' dir='ltr'><strong>tnum</strong></span> <span class='ocrx_word' id='word_1_46' title='bbox 771 1429 929 1490; x_wconf 81' lang='lat' dir='ltr'><strong>Dominum</strong></span> <span class='ocrx_word' id='word_1_47' title='bbox 955 1431 1086 1489; x_wconf 79' lang='lat' dir='ltr'><strong>nostrum</strong></span> <span class='ocrx_word' id='word_1_48' title='bbox 1116 1429 1237 1492; x_wconf 77' lang='lat' dir='ltr'><strong>vulnera</strong></span> <span class='ocrx_word' id='word_1_49' title='bbox 1264 1435 1364 1493; x_wconf 70' lang='lat' dir='ltr'><strong>metra</strong></span> 
     </span>
     <span class='ocr_line' id='line_1_10' title="bbox 196 1516 1365 1609; baseline -0.002 -17"><span class='ocrx_word' id='word_1_50' title='bbox 196 1516 198 1520; x_wconf 59' lang='grc'><strong>’</strong></span> <span class='ocrx_word' id='word_1_51' title='bbox 259 1543 362 1592; x_wconf 86' lang='lat' dir='ltr'><strong>curare</strong></span> <span class='ocrx_word' id='word_1_52' title='bbox 384 1530 516 1607; x_wconf 78' lang='lat' dir='ltr'><strong>dignatus</strong></span> <span class='ocrx_word' id='word_1_53' title='bbox 538 1545 588 1602; x_wconf 87' lang='lat' dir='ltr'><strong>es,</strong></span> <span class='ocrx_word' id='word_1_54' title='bbox 616 1533 647 1588; x_wconf 87' lang='lat' dir='ltr'><strong>to</strong></span> <span class='ocrx_word' id='word_1_55' title='bbox 668 1529 813 1608; x_wconf 87' lang='lat' dir='ltr'><strong>supplices</strong></span> <span class='ocrx_word' id='word_1_56' title='bbox 834 1543 971 1605; x_wconf 73' lang='lat' dir='ltr'><strong>rogamus</strong></span> <span class='ocrx_word' id='word_1_57' title='bbox 992 1533 1021 1588; x_wconf 90' lang='lat' dir='ltr'><strong>et</strong></span> <span class='ocrx_word' id='word_1_58' title='bbox 1043 1529 1185 1606; x_wconf 82' lang='lat' dir='ltr'><strong>petimus,</strong></span> <span class='ocrx_word' id='word_1_59' title='bbox 1214 1532 1247 1588; x_wconf 82' lang='lat' dir='ltr'><strong>ot</strong></span> <span class='ocrx_word' id='word_1_60' title='bbox 1267 1531 1365 1609; x_wconf 84' lang='lat' dir='ltr'><strong>preci-</strong></span> 
     </span>
     <span class='ocr_line' id='line_1_11' title="bbox 258 1623 1365 1708; baseline -0.001 -18"><span class='ocrx_word' id='word_1_61' title='bbox 258 1630 314 1692; x_wconf 86' lang='lat' dir='ltr'><strong>bus</strong></span> <span class='ocrx_word' id='word_1_62' title='bbox 343 1631 450 1690; x_wconf 80' lang='lat' dir='ltr'><strong>uostris</strong></span> <span class='ocrx_word' id='word_1_63' title='bbox 479 1641 581 1690; x_wconf 85' lang='lat' dir='ltr'><strong>aurem</strong></span> <span class='ocrx_word' id='word_1_64' title='bbox 609 1633 678 1690; x_wconf 77' lang='lat' dir='ltr'><strong>tuse</strong></span> <span class='ocrx_word' id='word_1_65' title='bbox 706 1623 823 1708; x_wconf 82' lang='lat' dir='ltr'><strong>pietatis</strong></span> <span class='ocrx_word' id='word_1_66' title='bbox 851 1629 989 1689; x_wconf 74' lang='lat' dir='ltr'><strong>incllntre</strong></span> <span class='ocrx_word' id='word_1_67' title='bbox 1018 1625 1164 1704; x_wconf 81' lang='lat' dir='ltr'><strong>digneris,</strong></span> <span class='ocrx_word' id='word_1_68' title='bbox 1195 1630 1244 1707; x_wconf 75' lang='lat' dir='ltr'><strong>qni</strong></span> <span class='ocrx_word' id='word_1_69' title='bbox 1273 1631 1365 1689; x_wconf 78' lang='lat' dir='ltr'><strong>etiem</strong></span> 
     </span>
     <span class='ocr_line' id='line_1_12' title="bbox 258 1723 1366 1808; baseline -0.004 -16"><span class='ocrx_word' id='word_1_70' title='bbox 258 1731 383 1792; x_wconf 79' lang='lat' dir='ltr'><strong>remittis</strong></span> <span class='ocrx_word' id='word_1_71' title='bbox 410 1731 506 1798; x_wconf 84' lang='lat' dir='ltr'><strong>omnia</strong></span> <span class='ocrx_word' id='word_1_72' title='bbox 533 1730 672 1802; x_wconf 84' lang='lat' dir='ltr'><strong>crimina,</strong></span> <span class='ocrx_word' id='word_1_73' title='bbox 701 1731 730 1788; x_wconf 89' lang='lat' dir='ltr'><strong>et</strong></span> <span class='ocrx_word' id='word_1_74' title='bbox 757 1730 877 1808; x_wconf 79' lang='lat' dir='ltr'><strong>peccata</strong></span> <span class='ocrx_word' id='word_1_75' title='bbox 904 1729 1040 1791; x_wconf 80' lang='lat' dir='ltr'><strong>universa</strong></span> <span class='ocrx_word' id='word_1_76' title='bbox 1066 1723 1225 1802; x_wconf 60' lang='lat' dir='ltr'><strong>coridonem</strong></span> <span class='ocrx_word' id='word_1_77' title='bbox 1251 1728 1366 1805; x_wconf 74' lang='lat' dir='ltr'><strong>desque</strong></span> 
     </span>
     <span class='ocr_line' id='line_1_13' title="bbox 258 1827 1365 1908; baseline -0.005 -16"><span class='ocrx_word' id='word_1_78' title='bbox 258 1831 327 1892; x_wconf 84' lang='lat' dir='ltr'><strong>hnic</strong></span> <span class='ocrx_word' id='word_1_79' title='bbox 354 1829 464 1891; x_wconf 79' lang='lat' dir='ltr'><strong>famulo</strong></span> <span class='ocrx_word' id='word_1_80' title='bbox 490 1833 557 1901; x_wconf 79' lang='lat' dir='ltr'><strong>tuo,</strong></span> <span class='ocrx_word' id='word_1_81' title='bbox 587 1827 724 1901; x_wconf 83' lang='lat' dir='ltr'><strong>Domine,</strong></span> <span class='ocrx_word' id='word_1_82' title='bbox 753 1837 807 1908; x_wconf 81' lang='lat' dir='ltr'><strong>pro</strong></span> <span class='ocrx_word' id='word_1_83' title='bbox 833 1830 959 1906; x_wconf 83' lang='lat' dir='ltr'><strong>peccans</strong></span> <span class='ocrx_word' id='word_1_84' title='bbox 987 1829 1120 1900; x_wconf 77' lang='lat' dir='ltr'><strong>neniam,</strong></span> <span class='ocrx_word' id='word_1_85' title='bbox 1150 1843 1202 1908; x_wconf 83' lang='lat' dir='ltr'><strong>pro</strong></span> <span class='ocrx_word' id='word_1_86' title='bbox 1229 1841 1365 1888; x_wconf 80' lang='lat' dir='ltr'><strong>moerore</strong></span> 
     </span>
     <span class='ocr_line' id='line_1_14' title="bbox 258 1915 1367 2008; baseline -0.003 -17"><span class='ocrx_word' id='word_1_87' title='bbox 258 1915 430 2001; x_wconf 50' lang='lat' dir='ltr'><strong>laetitiam,</strong></span> <span class='ocrx_word' id='word_1_88' title='bbox 448 1939 501 2008; x_wconf 81' lang='lat' dir='ltr'><strong>pro</strong></span> <span class='ocrx_word' id='word_1_89' title='bbox 528 1931 623 1988; x_wconf 83' lang='lat' dir='ltr'><strong>morte</strong></span> <span class='ocrx_word' id='word_1_90' title='bbox 651 1921 760 2002; x_wconf 80' lang='lat' dir='ltr'><strong>vitam,</strong></span> <span class='ocrx_word' id='word_1_91' title='bbox 789 1930 819 1986; x_wconf 88' lang='lat' dir='ltr'><strong>et</strong></span> <span class='ocrx_word' id='word_1_92' title='bbox 847 1928 884 1988; x_wconf 90' lang='lat' dir='ltr'><strong>de</strong></span> <span class='ocrx_word' id='word_1_93' title='bbox 911 1931 963 1988; x_wconf 64' lang='lat' dir='ltr'><strong>tera</strong></span> <span class='ocrx_word' id='word_1_94' title='bbox 989 1929 1186 1989; x_wconf 72' lang='lat' dir='ltr'><strong>misericordia</strong></span> <span class='ocrx_word' id='word_1_95' title='bbox 1215 1925 1367 1989; x_wconf 80' lang='lat' dir='ltr'><strong>confidens</strong></span> 
     </span>
     <span class='ocr_line' id='line_1_15' title="bbox 259 2027 936 2109; baseline -0.004 -17"><span class='ocrx_word' id='word_1_96' title='bbox 259 2031 414 2109; x_wconf 57' lang='lat' dir='ltr'><strong>macone</strong></span> <span class='ocrx_word' id='word_1_97' title='bbox 435 2029 584 2088; x_wconf 83' lang='lat' dir='ltr'><strong>mereatur</strong></span> <span class='ocrx_word' id='word_1_98' title='bbox 604 2027 640 2090; x_wconf 88' lang='lat' dir='ltr'><strong>ad</strong></span> <span class='ocrx_word' id='word_1_99' title='bbox 660 2029 753 2091; x_wconf 78' lang='lat' dir='ltr'><strong>vitam</strong></span> <span class='ocrx_word' id='word_1_100' title='bbox 776 2033 936 2089; x_wconf 66' lang='lat' dir='ltr'><strong>adernam.</strong></span> 
     </span>
    </p>
   </div>
   <div class='ocr_carea' id='block_1_5' title="bbox 695 2231 923 2306">
    <p class='ocr_par' dir='ltr' id='par_1_5' title="bbox 695 2231 923 2306">
     <span class='ocr_line' id='line_1_16' title="bbox 695 2231 923 2306; baseline -0.013 -18"><span class='ocrx_word' id='word_1_101' title='bbox 695 2231 923 2306; x_wconf 70' lang='lat' dir='ltr'><strong>onorio.</strong></span> 
     </span>
    </p>
   </div>
   <div class='ocr_carea' id='block_1_6' title="bbox 259 2379 1366 2763">
    <p class='ocr_par' dir='ltr' id='par_1_6' title="bbox 259 2379 1366 2763">
     <span class='ocr_line' id='line_1_17' title="bbox 322 2379 1365 2460; baseline -0.001 -18"><span class='ocrx_word' id='word_1_102' title='bbox 322 2379 514 2460; x_wconf 79' lang='lat' dir='ltr'><strong>Omnipotens</strong></span> <span class='ocrx_word' id='word_1_103' title='bbox 532 2384 562 2440; x_wconf 90' lang='lat' dir='ltr'><strong>et</strong></span> <span class='ocrx_word' id='word_1_104' title='bbox 579 2381 746 2441; x_wconf 82' lang='lat' dir='ltr'><strong>misericors</strong></span> <span class='ocrx_word' id='word_1_105' title='bbox 763 2379 858 2453; x_wconf 85' lang='lat' dir='ltr'><strong>Deus,</strong></span> <span class='ocrx_word' id='word_1_106' title='bbox 881 2381 933 2457; x_wconf 90' lang='lat' dir='ltr'><strong>qui</strong></span> <span class='ocrx_word' id='word_1_107' title='bbox 950 2383 1136 2460; x_wconf 89' lang='lat' dir='ltr'><strong>peccatorum</strong></span> <span class='ocrx_word' id='word_1_108' title='bbox 1155 2380 1365 2457; x_wconf 81' lang='lat' dir='ltr'><strong>indulgentiam</strong></span> 
     </span>
     <span class='ocr_line' id='line_1_18' title="bbox 260 2479 1366 2560; baseline -0.004 -18"><span class='ocrx_word' id='word_1_109' title='bbox 260 2483 290 2542; x_wconf 95' lang='lat' dir='ltr'><strong>in</strong></span> <span class='ocrx_word' id='word_1_110' title='bbox 319 2479 499 2541; x_wconf 84' lang='lat' dir='ltr'><strong>contessioue</strong></span> <span class='ocrx_word' id='word_1_111' title='bbox 527 2480 647 2541; x_wconf 86' lang='lat' dir='ltr'><strong>sceleris</strong></span> <span class='ocrx_word' id='word_1_112' title='bbox 673 2481 813 2559; x_wconf 78' lang='lat' dir='ltr'><strong>posuisti,</strong></span> <span class='ocrx_word' id='word_1_113' title='bbox 842 2495 981 2540; x_wconf 88' lang='lat' dir='ltr'><strong>succurra</strong></span> <span class='ocrx_word' id='word_1_114' title='bbox 1006 2481 1104 2560; x_wconf 87' lang='lat' dir='ltr'><strong>lapso,</strong></span> <span class='ocrx_word' id='word_1_115' title='bbox 1133 2480 1274 2540; x_wconf 87' lang='lat' dir='ltr'><strong>miserere</strong></span> <span class='ocrx_word' id='word_1_116' title='bbox 1296 2498 1366 2540; x_wconf 91' lang='lat' dir='ltr'><strong>con-</strong></span> 
     </span>
     <span class='ocr_line' id='line_1_19' title="bbox 259 2568 1366 2657; baseline -0.004 -15"><span class='ocrx_word' id='word_1_117' title='bbox 259 2582 348 2652; x_wconf 90' lang='lat' dir='ltr'><strong>iessi,</strong></span> <span class='ocrx_word' id='word_1_118' title='bbox 376 2585 409 2641; x_wconf 93' lang='lat' dir='ltr'><strong>ut</strong></span> <span class='ocrx_word' id='word_1_119' title='bbox 434 2597 523 2657; x_wconf 87' lang='lat' dir='ltr'><strong>quem</strong></span> <span class='ocrx_word' id='word_1_120' title='bbox 549 2581 720 2642; x_wconf 87' lang='lat' dir='ltr'><strong>deliciorum</strong></span> <span class='ocrx_word' id='word_1_121' title='bbox 751 2583 852 2656; x_wconf 84' lang='lat' dir='ltr'><strong>catena</strong></span> <span class='ocrx_word' id='word_1_122' title='bbox 880 2568 1066 2656; x_wconf 79' lang='lat' dir='ltr'><strong>constringit,</strong></span> <span class='ocrx_word' id='word_1_123' title='bbox 1099 2578 1267 2656; x_wconf 77' lang='lat' dir='ltr'><strong>magnitudo</strong></span> <span class='ocrx_word' id='word_1_124' title='bbox 1296 2583 1366 2640; x_wconf 86' lang='lat' dir='ltr'><strong>tuae</strong></span> 
     </span>
     <span class='ocr_line' id='line_1_20' title="bbox 260 2657 1029 2763; baseline -0.004 -22"><span class='ocrx_word' id='word_1_125' title='bbox 260 2682 374 2763; x_wconf 84' lang='lat' dir='ltr'><strong>pietatis</strong></span> <span class='ocrx_word' id='word_1_126' title='bbox 395 2678 537 2742; x_wconf 86' lang='lat' dir='ltr'><strong>absolvat.</strong></span> <span class='ocrx_word' id='word_1_127' title='bbox 1025 2657 1029 2678; x_wconf 59' lang='lat'><strong>,</strong></span> 
     </span>
    </p>
   </div>
   <div class='ocr_carea' id='block_1_7' title="bbox 613 2813 927 2908">
    <p class='ocr_par' dir='ltr' id='par_1_7' title="bbox 613 2813 927 2908">
     <span class='ocr_line' id='line_1_21' title="bbox 613 2813 927 2908; baseline -0.013 1"><span class='ocrx_word' id='word_1_128' title='bbox 613 2833 615 2840; x_wconf 85' lang='lat'>&#39;</span> <span class='ocrx_word' id='word_1_129' title='bbox 695 2813 927 2908; x_wconf 73' lang='lat' dir='ltr'><strong>enarro.</strong></span> 
     </span>
    </p>
   </div>
   <div class='ocr_carea' id='block_1_8' title="bbox 242 2961 1367 3360">
    <p class='ocr_par' dir='ltr' id='par_1_8' title="bbox 242 2961 1367 3360">
     <span class='ocr_line' id='line_1_22' title="bbox 242 2961 1367 3080; baseline 0 -20"><span class='ocrx_word' id='word_1_130' title='bbox 242 3065 245 3073; x_wconf 67' lang='grc'><em>,</em></span> <span class='ocrx_word' id='word_1_131' title='bbox 321 2997 518 3078; x_wconf 81' lang='lat' dir='ltr'><strong>Omnipotens</strong></span> <span class='ocrx_word' id='word_1_132' title='bbox 540 3001 717 3080; x_wconf 79' lang='lat' dir='ltr'><strong>sempiterne</strong></span> <span class='ocrx_word' id='word_1_133' title='bbox 745 2998 826 3062; x_wconf 86' lang='lat' dir='ltr'><strong>Deus</strong></span> <span class='ocrx_word' id='word_1_134' title='bbox 854 2987 1000 3061; x_wconf 86' lang='lat' dir='ltr'><strong>confitenti</strong></span> <span class='ocrx_word' id='word_1_135' title='bbox 1025 2961 1095 3062; x_wconf 19' lang='lat' dir='ltr'><strong>&#39;hu-ic</strong></span> <span class='ocrx_word' id='word_1_136' title='bbox 1121 2997 1235 3078; x_wconf 80' lang='lat' dir='ltr'><strong>famulo¹</strong></span> <span class='ocrx_word' id='word_1_137' title='bbox 1253 3003 1304 3058; x_wconf 88' lang='lat' dir='ltr'><strong>tuo</strong></span> <span class='ocrx_word' id='word_1_138' title='bbox 1327 2997 1367 3060; x_wconf 86' lang='lat' dir='ltr'><strong>N.</strong></span> 
     </span>
     <span class='ocr_line' id='line_1_23' title="bbox 259 3099 1367 3181; baseline -0.002 -21"><span class='ocrx_word' id='word_1_139' title='bbox 259 3116 313 3181; x_wconf 82' lang='lat' dir='ltr'><strong>pro</strong></span> <span class='ocrx_word' id='word_1_140' title='bbox 342 3104 392 3160; x_wconf 86' lang='lat' dir='ltr'><strong>tua</strong></span> <span class='ocrx_word' id='word_1_141' title='bbox 421 3100 528 3177; x_wconf 84' lang='lat' dir='ltr'><strong>pietate</strong></span> <span class='ocrx_word' id='word_1_142' title='bbox 557 3103 676 3178; x_wconf 87' lang='lat' dir='ltr'><strong>peccata</strong></span> <span class='ocrx_word' id='word_1_143' title='bbox 705 3099 821 3170; x_wconf 84' lang='lat' dir='ltr'><strong>relaxa,</strong></span> <span class='ocrx_word' id='word_1_144' title='bbox 859 3102 893 3162; x_wconf 88' lang='lat' dir='ltr'><strong>ut</strong></span> <span class='ocrx_word' id='word_1_145' title='bbox 920 3118 976 3160; x_wconf 91' lang='lat' dir='ltr'><strong>non</strong></span> <span class='ocrx_word' id='word_1_146' title='bbox 1008 3100 1073 3178; x_wconf 90' lang='lat' dir='ltr'><strong>plus</strong></span> <span class='ocrx_word' id='word_1_147' title='bbox 1105 3100 1133 3160; x_wconf 90' lang='lat' dir='ltr'><strong>ei</strong></span> <span class='ocrx_word' id='word_1_148' title='bbox 1163 3103 1266 3159; x_wconf 80' lang='lat' dir='ltr'><strong>nocent</strong></span> <span class='ocrx_word' id='word_1_149' title='bbox 1297 3116 1367 3160; x_wconf 92' lang='lat' dir='ltr'><strong>con-</strong></span> 
     </span>
     <span class='ocr_line' id='line_1_24' title="bbox 260 3193 1366 3278; baseline 0 -18"><span class='ocrx_word' id='word_1_150' title='bbox 260 3199 399 3262; x_wconf 87' lang='lat' dir='ltr'><strong>scientiae</strong></span> <span class='ocrx_word' id='word_1_151' title='bbox 423 3202 522 3262; x_wconf 80' lang='lat' dir='ltr'><strong>reatus</strong></span> <span class='ocrx_word' id='word_1_152' title='bbox 546 3198 583 3262; x_wconf 85' lang='lat' dir='ltr'><strong>ad</strong></span> <span class='ocrx_word' id='word_1_153' title='bbox 607 3199 746 3278; x_wconf 66' lang='lat' dir='ltr'><strong>menam,</strong></span> <span class='ocrx_word' id='word_1_154' title='bbox 777 3199 867 3276; x_wconf 79' lang='lat' dir='ltr'><strong>quim</strong></span> <span class='ocrx_word' id='word_1_155' title='bbox 892 3199 1068 3278; x_wconf 85' lang='lat' dir='ltr'><strong>indulgentia</strong></span> <span class='ocrx_word' id='word_1_156' title='bbox 1091 3193 1161 3260; x_wconf 56' lang='lat' dir='ltr'><strong>‘tuae</strong></span> <span class='ocrx_word' id='word_1_157' title='bbox 1187 3200 1305 3277; x_wconf 84' lang='lat' dir='ltr'><strong>pietatis</strong></span> <span class='ocrx_word' id='word_1_158' title='bbox 1327 3199 1366 3260; x_wconf 89' lang='lat' dir='ltr'><strong>ad</strong></span> 
     </span>
     <span class='ocr_line' id='line_1_25' title="bbox 261 3315 387 3360; baseline -0.024 0"><span class='ocrx_word' id='word_1_159' title='bbox 261 3315 387 3360; x_wconf 85' lang='lat' dir='ltr'><strong>vomam.</strong></span> 
     </span>
    </p>
   </div>
   <div class='ocr_carea' id='block_1_9' title="bbox 697 3451 924 3510">
    <p class='ocr_par' dir='ltr' id='par_1_9' title="bbox 697 3451 924 3510">
     <span class='ocr_line' id='line_1_26' title="bbox 697 3451 924 3510; baseline 0 0"><span class='ocrx_word' id='word_1_160' title='bbox 697 3451 924 3510; x_wconf 65' lang='lat' dir='ltr'><strong>ORATiQ</strong></span> 
     </span>
    </p>
   </div>
   <div class='ocr_carea' id='block_1_10' title="bbox 260 3587 1368 4585">
    <p class='ocr_par' dir='ltr' id='par_1_10' title="bbox 260 3587 1368 4585">
     <span class='ocr_line' id='line_1_27' title="bbox 324 3587 1367 3680; baseline 0.002 -16"><span class='ocrx_word' id='word_1_161' title='bbox 324 3602 446 3674; x_wconf 83' lang='lat' dir='ltr'><strong>Precor,</strong></span> <span class='ocrx_word' id='word_1_162' title='bbox 474 3601 613 3674; x_wconf 86' lang='lat' dir='ltr'><strong>Domine,</strong></span> <span class='ocrx_word' id='word_1_163' title='bbox 640 3601 815 3664; x_wconf 84' lang='lat' dir='ltr'><strong>clementiae</strong></span> <span class='ocrx_word' id='word_1_164' title='bbox 840 3606 870 3662; x_wconf 91' lang='lat' dir='ltr'><strong>et</strong></span> <span class='ocrx_word' id='word_1_165' title='bbox 894 3602 1111 3676; x_wconf 77' lang='lat' dir='ltr'><strong>misericordiae</strong></span> <span class='ocrx_word' id='word_1_166' title='bbox 1134 3587 1207 3666; x_wconf 82' lang='lat' dir='ltr'><strong>tuae</strong></span> <span class='ocrx_word' id='word_1_167' title='bbox 1229 3600 1367 3680; x_wconf 71' lang='lat' dir='ltr'><strong>mejesta-</strong></span> 
     </span>
     <span class='ocr_line' id='line_1_28' title="bbox 261 3701 1367 3782; baseline 0 -16"><span class='ocrx_word' id='word_1_168' title='bbox 261 3707 338 3776; x_wconf 76' lang='lat' dir='ltr'><strong>tem,</strong></span> <span class='ocrx_word' id='word_1_169' title='bbox 359 3705 393 3762; x_wconf 94' lang='lat' dir='ltr'><strong>ut</strong></span> <span class='ocrx_word' id='word_1_170' title='bbox 409 3701 518 3764; x_wconf 81' lang='lat' dir='ltr'><strong>tomulo</strong></span> <span class='ocrx_word' id='word_1_171' title='bbox 539 3705 590 3764; x_wconf 91' lang='lat' dir='ltr'><strong>tuo</strong></span> <span class='ocrx_word' id='word_1_172' title='bbox 611 3701 647 3762; x_wconf 90' lang='lat' dir='ltr'><strong>N.</strong></span> <span class='ocrx_word' id='word_1_173' title='bbox 669 3705 788 3782; x_wconf 83' lang='lat' dir='ltr'><strong>peccata</strong></span> <span class='ocrx_word' id='word_1_174' title='bbox 805 3704 834 3762; x_wconf 90' lang='lat' dir='ltr'><strong>et</strong></span> <span class='ocrx_word' id='word_1_175' title='bbox 851 3701 979 3764; x_wconf 81' lang='lat' dir='ltr'><strong>facinora</strong></span> <span class='ocrx_word' id='word_1_176' title='bbox 995 3721 1049 3764; x_wconf 85' lang='lat' dir='ltr'><strong>sua</strong></span> <span class='ocrx_word' id='word_1_177' title='bbox 1067 3701 1217 3762; x_wconf 82' lang='lat' dir='ltr'><strong>confitenti</strong></span> <span class='ocrx_word' id='word_1_178' title='bbox 1236 3702 1367 3766; x_wconf 79' lang='lat' dir='ltr'><strong>dehitm</strong></span> 
     </span>
     <span class='ocr_line' id='line_1_29' title="bbox 260 3802 1368 3882; baseline 0 -18"><span class='ocrx_word' id='word_1_179' title='bbox 260 3802 469 3866; x_wconf 83' lang='lat' dir='ltr'><strong>relaxationem</strong></span> <span class='ocrx_word' id='word_1_180' title='bbox 490 3805 521 3863; x_wconf 91' lang='lat' dir='ltr'><strong>et</strong></span> <span class='ocrx_word' id='word_1_181' title='bbox 541 3803 657 3864; x_wconf 80' lang='lat' dir='ltr'><strong>veniam</strong></span> <span class='ocrx_word' id='word_1_182' title='bbox 678 3805 830 3880; x_wconf 85' lang='lat' dir='ltr'><strong>praestare</strong></span> <span class='ocrx_word' id='word_1_183' title='bbox 850 3803 992 3880; x_wconf 82' lang='lat' dir='ltr'><strong>digneris,</strong></span> <span class='ocrx_word' id='word_1_184' title='bbox 1014 3808 1043 3862; x_wconf 85' lang='lat' dir='ltr'><strong>et</strong></span> <span class='ocrx_word' id='word_1_185' title='bbox 1063 3803 1286 3882; x_wconf 83' lang='lat' dir='ltr'><strong>praeteritorum</strong></span> <span class='ocrx_word' id='word_1_186' title='bbox 1308 3805 1368 3866; x_wconf 86' lang='lat' dir='ltr'><strong>cri-</strong></span> 
     </span>
     <span class='ocr_line' id='line_1_30' title="bbox 261 3899 1365 3983; baseline 0.001 -20"><span class='ocrx_word' id='word_1_187' title='bbox 261 3903 374 3963; x_wconf 88' lang='lat' dir='ltr'><strong>minum</strong></span> <span class='ocrx_word' id='word_1_188' title='bbox 410 3900 510 3981; x_wconf 84' lang='lat' dir='ltr'><strong>culpas</strong></span> <span class='ocrx_word' id='word_1_189' title='bbox 545 3901 704 3978; x_wconf 83' lang='lat' dir='ltr'><strong>indulgeas.</strong></span> <span class='ocrx_word' id='word_1_190' title='bbox 755 3899 813 3976; x_wconf 87' lang='lat' dir='ltr'><strong>Qui</strong></span> <span class='ocrx_word' id='word_1_191' title='bbox 845 3902 977 3964; x_wconf 88' lang='lat' dir='ltr'><strong>humeris</strong></span> <span class='ocrx_word' id='word_1_192' title='bbox 1008 3903 1067 3963; x_wconf 87' lang='lat' dir='ltr'><strong>tuis</strong></span> <span class='ocrx_word' id='word_1_193' title='bbox 1099 3921 1186 3964; x_wconf 82' lang='lat' dir='ltr'><strong>ovem</strong></span> <span class='ocrx_word' id='word_1_194' title='bbox 1221 3902 1365 3983; x_wconf 83' lang='lat' dir='ltr'><strong>perditem</strong></span> 
     </span>
     <span class='ocr_line' id='line_1_31' title="bbox 261 3999 1366 4084; baseline 0.003 -22"><span class='ocrx_word' id='word_1_195' title='bbox 261 4000 419 4073; x_wconf 81' lang='lat' dir='ltr'><strong>reduxisti,</strong></span> <span class='ocrx_word' id='word_1_196' title='bbox 447 4001 498 4078; x_wconf 89' lang='lat' dir='ltr'><strong>qui</strong></span> <span class='ocrx_word' id='word_1_197' title='bbox 524 3999 670 4079; x_wconf 85' lang='lat' dir='ltr'><strong>publicani</strong></span> <span class='ocrx_word' id='word_1_198' title='bbox 694 4001 831 4081; x_wconf 75' lang='lat' dir='ltr'><strong>precihus</strong></span> <span class='ocrx_word' id='word_1_199' title='bbox 855 4004 885 4062; x_wconf 85' lang='lat' dir='ltr'><strong>ct</strong></span> <span class='ocrx_word' id='word_1_200' title='bbox 905 4000 1083 4064; x_wconf 87' lang='lat' dir='ltr'><strong>coniessione</strong></span> <span class='ocrx_word' id='word_1_201' title='bbox 1104 4003 1234 4084; x_wconf 85' lang='lat' dir='ltr'><strong>placatus</strong></span> <span class='ocrx_word' id='word_1_202' title='bbox 1255 4021 1304 4076; x_wconf 89' lang='lat' dir='ltr'><strong>es,</strong></span> <span class='ocrx_word' id='word_1_203' title='bbox 1330 4006 1366 4066; x_wconf 86' lang='lat' dir='ltr'><strong>tu</strong></span> 
     </span>
     <span class='ocr_line' id='line_1_32' title="bbox 262 4097 1366 4182; baseline 0.003 -20"><span class='ocrx_word' id='word_1_204' title='bbox 262 4102 367 4174; x_wconf 86' lang='lat' dir='ltr'><strong>etiam,</strong></span> <span class='ocrx_word' id='word_1_205' title='bbox 401 4097 539 4172; x_wconf 86' lang='lat' dir='ltr'><strong>Domine,</strong></span> <span class='ocrx_word' id='word_1_206' title='bbox 572 4099 641 4165; x_wconf 87' lang='lat' dir='ltr'><strong>huic</strong></span> <span class='ocrx_word' id='word_1_207' title='bbox 669 4101 777 4163; x_wconf 81' lang='lat' dir='ltr'><strong>famulo</strong></span> <span class='ocrx_word' id='word_1_208' title='bbox 807 4106 857 4164; x_wconf 90' lang='lat' dir='ltr'><strong>tuo</strong></span> <span class='ocrx_word' id='word_1_209' title='bbox 884 4102 1014 4182; x_wconf 80' lang='lat' dir='ltr'><strong>placans</strong></span> <span class='ocrx_word' id='word_1_210' title='bbox 1042 4119 1106 4164; x_wconf 82' lang='lat' dir='ltr'><strong>esse</strong></span> <span class='ocrx_word' id='word_1_211' title='bbox 1135 4101 1272 4180; x_wconf 88' lang='lat' dir='ltr'><strong>digneris.</strong></span> <span class='ocrx_word' id='word_1_212' title='bbox 1318 4101 1366 4166; x_wconf 90' lang='lat' dir='ltr'><strong>Tu</strong></span> 
     </span>
     <span class='ocr_line' id='line_1_33' title="bbox 261 4195 1366 4284; baseline 0.001 -21"><span class='ocrx_word' id='word_1_213' title='bbox 261 4195 349 4278; x_wconf 85' lang='lat' dir='ltr'><strong>huius</strong></span> <span class='ocrx_word' id='word_1_214' title='bbox 370 4198 506 4280; x_wconf 82' lang='lat' dir='ltr'><strong>precibus</strong></span> <span class='ocrx_word' id='word_1_215' title='bbox 526 4199 669 4276; x_wconf 88' lang='lat' dir='ltr'><strong>benignus</strong></span> <span class='ocrx_word' id='word_1_216' title='bbox 691 4203 802 4280; x_wconf 87' lang='lat' dir='ltr'><strong>aspira,</strong></span> <span class='ocrx_word' id='word_1_217' title='bbox 823 4201 905 4264; x_wconf 80' lang='lat' dir='ltr'><strong>utin</strong></span> <span class='ocrx_word' id='word_1_218' title='bbox 928 4201 1108 4265; x_wconf 79' lang='lat' dir='ltr'><strong>confessione</strong></span> <span class='ocrx_word' id='word_1_219' title='bbox 1128 4201 1276 4282; x_wconf 78' lang='lat' dir='ltr'><strong>placabilia</strong></span> <span class='ocrx_word' id='word_1_220' title='bbox 1297 4221 1366 4284; x_wconf 87' lang='lat' dir='ltr'><strong>pcr-</strong></span> 
     </span>
     <span class='ocr_line' id='line_1_34' title="bbox 262 4296 1366 4382; baseline -0.001 -18"><span class='ocrx_word' id='word_1_221' title='bbox 262 4301 388 4364; x_wconf 84' lang='lat' dir='ltr'><strong>maneat.</strong></span> <span class='ocrx_word' id='word_1_222' title='bbox 417 4297 517 4360; x_wconf 84' lang='lat' dir='ltr'><strong>Fletus</strong></span> <span class='ocrx_word' id='word_1_223' title='bbox 538 4296 602 4376; x_wconf 86' lang='lat' dir='ltr'><strong>ejus</strong></span> <span class='ocrx_word' id='word_1_224' title='bbox 623 4303 653 4360; x_wconf 91' lang='lat' dir='ltr'><strong>et</strong></span> <span class='ocrx_word' id='word_1_225' title='bbox 673 4302 774 4378; x_wconf 85' lang='lat' dir='ltr'><strong>petitio</strong></span> <span class='ocrx_word' id='word_1_226' title='bbox 792 4305 964 4382; x_wconf 86' lang='lat' dir='ltr'><strong>perpetuam</strong></span> <span class='ocrx_word' id='word_1_227' title='bbox 983 4302 1168 4364; x_wconf 88' lang='lat' dir='ltr'><strong>clementiam</strong></span> <span class='ocrx_word' id='word_1_228' title='bbox 1187 4305 1268 4366; x_wconf 86' lang='lat' dir='ltr'><strong>tuam</strong></span> <span class='ocrx_word' id='word_1_229' title='bbox 1288 4303 1366 4366; x_wconf 88' lang='lat' dir='ltr'><strong>cele·</strong></span> 
     </span>
     <span class='ocr_line' id='line_1_35' title="bbox 261 4400 1365 4483; baseline 0.004 -21"><span class='ocrx_word' id='word_1_230' title='bbox 261 4403 333 4462; x_wconf 86' lang='lat' dir='ltr'><strong>riter</strong></span> <span class='ocrx_word' id='word_1_231' title='bbox 353 4403 488 4471; x_wconf 87' lang='lat' dir='ltr'><strong>exorent,</strong></span> <span class='ocrx_word' id='word_1_232' title='bbox 507 4400 675 4479; x_wconf 84' lang='lat' dir='ltr'><strong>sanctisque</strong></span> <span class='ocrx_word' id='word_1_233' title='bbox 696 4400 837 4465; x_wconf 87' lang='lat' dir='ltr'><strong>altaribus</strong></span> <span class='ocrx_word' id='word_1_234' title='bbox 856 4405 1008 4466; x_wconf 74' lang='lat' dir='ltr'><strong>restitutis</strong></span> <span class='ocrx_word' id='word_1_235' title='bbox 1028 4405 1092 4483; x_wconf 87' lang='lat' dir='ltr'><strong>spei</strong></span> <span class='ocrx_word' id='word_1_236' title='bbox 1107 4420 1211 4466; x_wconf 84' lang='lat' dir='ltr'><strong>rursus</strong></span> <span class='ocrx_word' id='word_1_237' title='bbox 1226 4405 1365 4468; x_wconf 75' lang='lat' dir='ltr'><strong>aeternae</strong></span> 
     </span>
     <span class='ocr_line' id='line_1_36' title="bbox 262 4496 1228 4585; baseline 0.002 -21"><span class='ocrx_word' id='word_1_238' title='bbox 262 4517 298 4564; x_wconf 76' lang='lat' dir='ltr'><strong>aa</strong></span> <span class='ocrx_word' id='word_1_239' title='bbox 317 4497 437 4562; x_wconf 83' lang='lat' dir='ltr'><strong>coelesti</strong></span> <span class='ocrx_word' id='word_1_240' title='bbox 457 4496 565 4578; x_wconf 79' lang='lat' dir='ltr'><strong>gloriae</strong></span> <span class='ocrx_word' id='word_1_241' title='bbox 585 4501 780 4582; x_wconf 73' lang='lat' dir='ltr'><strong>mucipctin.</strong></span> <span class='ocrx_word' id='word_1_242' title='bbox 816 4499 876 4577; x_wconf 80' lang='lat' dir='ltr'><strong>Qu</strong></span> <span class='ocrx_word' id='word_1_243' title='bbox 895 4503 973 4569; x_wconf 70' lang='lat' dir='ltr'><strong>viris</strong></span> <span class='ocrx_word' id='word_1_244' title='bbox 993 4505 1024 4567; x_wconf 87' lang='lat' dir='ltr'><strong>et</strong></span> <span class='ocrx_word' id='word_1_245' title='bbox 1043 4513 1150 4585; x_wconf 73' lang='lat' dir='ltr'><strong>regnu</strong></span> <span class='ocrx_word' id='word_1_246' title='bbox 1170 4506 1228 4566; x_wconf 80' lang='lat' dir='ltr'><strong>ete.</strong></span> 
     </span>
    </p>
   </div>
   <div class='ocr_carea' id='block_1_11' title="bbox 0 0 1558 5100">
    <p class='ocr_par' dir='ltr' id='par_1_11' title="bbox 0 0 1558 5100">
     <span class='ocr_line' id='line_1_37' title="bbox 0 0 1558 5100; baseline 0 0"><span class='ocrx_word' id='word_1_247' title='bbox 0 0 1558 5100; x_wconf 95' lang='lat' dir='ltr'><strong> </strong></span> 
     </span>
    </p>
   </div>
  </div>
 </body>
</html>
