3108 5098
811 327 862 404 ad

284 527 416 608 recipere
436 527 472 590 ad
493 543 615 606 pacem
643 527 708 599 ille,
736 531 787 604 qni
809 528 924 607 planare
943 529 1025 600 vult,
1047 529 1194 607 poeniteat
1210 527 1321 608 indicio
1340 549 1389 593 sa-

285 629 427 699 cerdotisc
449 629 474 688 is
494 631 611 708 autem,
633 630 682 706 qui
704 630 835 706 recipere
856 647 922 690 enm
945 647 1002 690 non
1023 629 1103 698 vult,
1125 633 1234 707 quanto
1254 633 1389 708 tempora

157 799 163 806 Ι
286 727 476 804 implacabilis
497 731 551 790 est.
573 732 740 789 laniacum
765 745 837 806 pane
858 731 889 789 el
909 746 986 804 anua
1007 730 1106 800 vival;
1129 729 1156 788 ill
1178 732 1234 800 est,
1258 731 1284 790 si
1305 747 1390 790 mea-

285 845 365 891 sem.
386 827 432 888 vel
455 826 621 894 dimidium,
644 828 690 890 rel
712 829 859 903 integrum
880 845 999 898 annom,
1021 828 1201 907 inplacabilis
1222 833 1277 889 est.
1310 833 1338 900 §-
1358 831 1390 892 3.

241 953 257 976 ο
285 924 316 986 Si
339 928 405 1001 quis
427 931 525 987 oontra
548 926 672 986 alterum
696 929 769 1010 iram
792 932 871 989 tenet
892 929 920 984 in
943 926 1044 995 corde,
1066 927 1210 988 homicida
1225 925 1390 1003 judicetur,

285 1027 362 1090 sicut
384 1025 538 1102 Apostolus
560 1025 646 1086 dicit:
681 1024 764 1098 «Qui
787 1027 846 1086 odat
868 1027 988 1088 tratrem
1010 1043 1117 1098 suarm,
1138 1027 1282 1090 homicida
1304 1032 1389 1090 esta.

215 1170 219 1177 .
286 1125 318 1186 Si
339 1142 409 1184 vero
431 1141 486 1184 uon
507 1125 571 1184 vult
591 1126 770 1196 reconciliari
791 1126 874 1186 tratri
896 1144 959 1194 suo,
981 1128 1057 1186 sicut
1079 1127 1221 1187 llomiuns
1242 1129 1271 1186 in
1293 1119 1390 1188 Eran-

285 1225 360 1302 gelio
382 1225 537 1304 praecipit:
561 1258 598 1268 -
622 1225 678 1286 «Si
702 1225 826 1296 aliens»,
849 1229 956 1303 inquil,
980 1245 1106 1287 «munus
1122 1230 1207 1288 tunm
1228 1227 1265 1288 nd
1286 1227 1390 1300 altare,

286 1327 315 1384 et
337 1323 375 1384 ibi
404 1324 575 1384 recordatus
597 1325 685 1385 lucris
706 1329 773 1402 qiria
796 1325 885 1386 irater
906 1330 973 1386 tirus
999 1326 1087 1387 babel
1109 1327 1209 1402 iliqnid
1231 1327 1388 1387 adversum

285 1427 354 1488 te»,
377 1426 406 1482 el
428 1427 541 1493 cetera,
559 1458 599 1468 -
621 1443 708 1502 quam
731 1425 780 1486 diu
802 1425 831 1484 in
854 1429 895 1485 ira
917 1429 1086 1502 permanet,
1107 1431 1167 1487 tarn
1190 1425 1240 1486 din
1262 1428 1290 1486 in
1313 1445 1389 1506 pane

286 1526 317 1583 ct
344 1541 420 1600 aqna
447 1526 609 1600 poeniteat,
637 1525 822 1600 usquedum
851 1525 1054 1584 reconcilietur
1075 1526 1112 1585 si.
1157 1529 1185 1597 s.
1211 1525 1240 1588 li.
1269 1525 1389 1604 Siquis

286 1624 407 1684 tratrem
422 1641 508 1683 snum
523 1639 590 1682 cnm
607 1623 703 1683 lurore
718 1624 915 1694 maledixerit,
938 1627 1031 1701 primo
1045 1625 1204 1686 satislsciat
1219 1625 1262 1695 ei,
1284 1625 1389 1686 deindo

288 1723 350 1784 v11.
372 1723 434 1782 dies
456 1723 653 1799 poenitentia
676 1740 750 1797 pane
772 1725 802 1782 et
824 1741 899 1798 aqua
945 1728 972 1795 §-
995 1721 1024 1784 b.
1047 1724 1104 1798 Qui
1125 1725 1215 1787 verba
1238 1729 1389 1804 asperiora

286 1825 315 1882 in
336 1823 434 1884 lurore
463 1821 632 1900 protulerit,
660 1823 754 1899 primo
775 1822 936 1884 salisiaciat
956 1825 1001 1894 ei,
1031 1824 1134 1884 deinde
1155 1824 1206 1885 lll.
1235 1826 1298 1885 dies
1320 1842 1388 1886 cnm

286 1941 362 2004 pane
390 1925 420 1982 et
448 1938 524 1998 aqua
546 1922 702 1998 poeniteat.
745 1919 776 1981 Si
798 1924 896 1984 lamen
920 1940 986 1982 cum
1010 1923 1118 2000 pallore
1138 1925 1238 1986 rullus
1259 1925 1307 1985 vel
1329 1929 1389 1986 tre-

286 2040 369 2084 more
389 2023 537 2099 corporis,
566 2020 656 2081 verba
678 2023 776 2082 tamen
800 2020 937 2099 injuriosa
959 2023 1127 2100 protulerit,
1157 2027 1251 2102 primo
1272 2025 1390 2087 satisla·

287 2123 344 2184 ciat
366 2121 414 2192 ci,
436 2119 539 2179 deinde
561 2137 652 2179 unum
675 2119 751 2178 diem
774 2139 840 2180 cum
864 2138 937 2197 pane
960 2125 990 2181 et
1010 2141 1086 2200 aqua
1108 2125 1262 2201 poeniteat.
1307 2127 1335 2196 s.
1359 2125 1388 2186 6.

286 2219 346 2296 Qui
373 2223 403 2279 in
424 2223 521 2279 munte
545 2221 659 2278 tanturn
681 2221 843 2278 commotus
865 2218 969 2288 luerit,
999 2222 1047 2280 ille
1068 2223 1118 2299 qui
1139 2239 1207 2282 enm
1230 2226 1390 2284 commorit

286 2321 445 2383 satislaciat
467 2321 503 2379 ci.
546 2317 577 2379 Si
598 2337 669 2379 vero
691 2337 745 2379 non
767 2319 831 2378 vult
852 2321 879 2378 ci
901 2321 1088 2390 salislacere,
1111 2318 1279 2384 abscidatur
1299 2323 1390 2404 pesti-

285 2421 331 2482 ler
353 2420 399 2480 ille
422 2438 439 2480 a
460 2422 545 2480 coetu
566 2417 700 2482 lralrum.
743 2417 775 2479 Si
797 2423 897 2480 autem
919 2424 1018 2498 postea
1040 2424 1203 2502 poeniteat,
1221 2425 1321 2502 primo
1342 2443 1390 2485 sa-

285 2521 412 2582 tisfaciat
434 2521 477 2590 ei,
508 2519 609 2580 deinde
632 2523 740 2595 quanto
764 2521 897 2600 tempore
919 2521 1124 2582 contradixerit
1146 2524 1191 2595 ei,
1219 2526 1301 2585 tanto
1322 2543 1391 2586 cum

286 2641 360 2703 pane
390 2626 419 2681 ct
447 2639 523 2698 aqua
545 2622 701 2700 poeniteat.
745 2624 773 2691 §.
794 2621 823 2680 7.
853 2617 911 2692 Qui
933 2619 982 2680 diu
1004 2623 1228 2684 amaritudinem
1251 2626 1280 2682 in
1302 2623 1390 2684 corda

287 2727 386 2785 contra
411 2722 534 2782 alterum
562 2724 658 2793 tenet,
688 2720 774 2780 hilari
794 2721 878 2782 vultu
907 2720 1041 2804 laetoque
1063 2722 1149 2782 corde
1170 2721 1330 2786 satisfaciat
1352 2723 1389 2786 ci.

287 2821 319 2884 Si
339 2829 437 2884 antem
459 2841 514 2882 nou
536 2824 593 2884 cito
615 2840 680 2882 earn
702 2820 835 2900 deponit,
857 2820 909 2881 lll.
926 2821 988 2882 dies
1007 2840 1075 2882 curn
1092 2841 1166 2903 pane
1182 2827 1212 2883 et
1228 2842 1304 2902 aqua
1320 2842 1391 2902 poe·

286 2925 388 2987 niteat.
431 2921 582 2983 Stantem
607 2923 710 2993 iterat,
736 2921 902 2982 abscidatur
927 2941 944 2983 a
967 2925 1106 2985 socictate
1128 2924 1270 2996 fratrum,
1298 2921 1390 2986 donec

287 3024 384 3086 alacer
404 3023 573 3102 laetusque,
601 3043 668 3084 cum
691 3042 765 3102 pane
789 3027 819 3082 et
840 3041 933 3100 aqna,
960 3027 1113 3099 cognoscat
1134 3023 1271 3085 delictum
1292 3041 1390 3090 snum.

577 3229 670 3282 m.
709 3231 754 3282 bn
772 3231 945 3284 Tnlsnmn
964 3234 1103 3286 SAECULI.

351 3383 378 3452 ς.
397 3379 425 3443 1.
450 3375 598 3438 «Tristitia
617 3371 704 3454 hujus
720 3376 864 3448 sacculi,a
888 3377 956 3436 dicit
971 3377 1138 3457 Apostolus,
1162 3381 1306 3439 ‹rmortem
1320 3397 1391 3460 ope·

286 3483 398 3540 ratur».
443 3476 583 3558 Quisquis
606 3495 674 3553 ergo
697 3477 748 3537 tali
770 3477 887 3538 tristitia
911 3478 960 3538 diu
985 3480 1117 3554 egrotal,
1146 3479 1283 3554 gandium
1304 3481 1390 3559 spiri-

286 3581 346 3646 tale
366 3581 396 3640 et
417 3579 682 3640 remunerationem
704 3578 826 3656 praemii
847 3576 938 3638 futuri
960 3579 987 3636 in
1011 3579 1107 3639 animo
1129 3581 1225 3659 ponat,
1248 3581 1389 3640 mortem·

287 3700 345 3759 qne
372 3680 478 3742 cotidie
504 3683 570 3740 ante
600 3678 699 3739 oculos
727 3695 795 3738 suos
824 3681 989 3756 suspectam
1017 3677 1140 3750 babeat,
1168 3682 1198 3739 et
1224 3677 1275 3739 ΠΙ.
1298 3695 1389 3739 annos

286 3782 441 3861 poeniteat.
485 3783 513 3852 §-
534 3781 564 3842 2.
592 3779 650 3852 Qui
672 3775 793 3838 fratrem
814 3795 901 3838 suum
922 3779 1092 3850 contristat,
1115 3778 1273 3840 satisfaciat
1292 3779 1337 3852 ei,
1359 3781 1389 3838 et

287 3899 379 3942 unum
400 3880 477 3940 diem
498 3894 566 3942 cum
588 3893 662 3958 pane
684 3881 713 3938 et
735 3896 810 3956 aqua
832 3879 989 3958 poeniteat.

638 4087 755 4146 1111.
793 4086 840 4138 llll
857 4085 1039 4140 avinius.

351 4211 381 4279 ς.
406 4205 434 4268 1.
459 4204 615 4278 alvaria,
643 4203 713 4268 dicit
735 4205 908 4283 apostolus,
932 4208 1156 4284 «regnnm'llsi
1178 4223 1234 4268 non
1258 4207 1388 4288 posside·

287 4307 396 4370 bonta.
437 4305 548 4368 idcirco
572 4307 705 4384 quisquis
730 4309 802 4370 vitio
826 4307 965 4370 avaritiae
991 4305 1154 4383 implicatus
1180 4311 1243 4379 cst,
1274 4307 1388 4372 desinat

289 4405 382 4468 aliena
403 4407 558 4485 appetere,
583 4410 614 4466 ct
633 4406 727 4470 discat
747 4408 863 4487 propria
887 4406 1081 4482 indigentibus
1101 4408 1219 4484 largiter
1240 4408 1387 4481 tribuere,

289 4508 320 4564 et
333 4505 384 4567 111.
402 4521 492 4568 annos
507 4507 661 4584 poeniteat.
704 4511 733 4579 ς.
747 4505 777 4565 2.
797 4503 855 4580 Qui
869 4523 941 4568 vero
955 4509 1107 4586 permanat
1120 4509 1148 4568 iu
1163 4509 1295 4582 avaritia,
1318 4525 1388 4572 nnn·
