3108 5098
597 323 752 402 .4t

173 523 244 603 quin
263 521 415 602 onmem
435 538 520 588 unm
539 527 572 586 et
591 525 718 588 mtrem
741 509 1278 592 numerumnunerum

174 627 366 702 mantem
389 624 538 698 ceciderit,
565 622 924 701 x1111.nnnugravtter
949 625 1148 702 poenitentia
1173 625 1278 702 mittut

171 724 243 802 qnia
263 741 334 784 reue
355 720 485 800 conirgia
506 729 536 788 et
556 722 608 784 titii
628 728 692 798 eet3
713 727 743 784 et
765 724 794 784 in
815 724 933 786 dimidio
954 725 1048 802 apatio
1068 741 1125 786 non
1147 725 1281 804 privetu

170 824 387 886 communione.
431 829 460 896 s.
483 821 513 884 5.
542 823 637 898 Item,
659 823 718 899 Qui
740 825 928 902 aepiscopum
949 823 1102 898 occiderit,
1130 843 1213 886 orme
1232 842 1281 886 re-

173 925 298 1004 linquat,
317 922 416 985 Xilli.
436 926 521 986 annia
538 925 607 988 exui
628 924 657 984 in
677 939 753 1006 pane
774 929 805 985 et
818 941 895 1002 equa
914 927 1074 1004 poenitente
1095 923 1153 996 vei,
1175 941 1281 986 secun·

171 1025 245 1086 dum
265 1023 403 1104 placitum
424 1023 601 1086 univeraatie
621 1025 751 1097 concilii,
773 1041 891 1104 aemper
911 1025 1073 1103 poeniteat,
1093 1027 1125 1084 et
1138 1025 1281 1088 instanter

171 1125 238 1186 lieo
260 1125 379 1186 moun
428 1127 457 1196 §-
482 1125 511 1185 n.
539 1121 599 1198 Qui
623 1125 820 1204 presbiterum
844 1124 999 1195 occiderit,
1027 1141 1111 1186 erma
1134 1123 1281 1201 relinquat

174 1224 244 1286 xli.
269 1225 354 1287 annia
377 1224 407 1284 in
432 1242 507 1302 pane
532 1228 563 1285 et
586 1241 664 1302 eque
689 1226 850 1304 poenitent,
879 1227 909 1284 et
933 1241 1052 1304 temper
1075 1223 1139 1285 Deo
1162 1223 1280 1284 serviet

172 1329 204 1396 §-
220 1326 249 1384 7.
272 1321 330 1396 Qui
350 1323 504 1385 diaconum
518 1324 673 1396 occiderit,
696 1324 735 1384 X.
751 1325 834 1385 annin
855 1324 884 1386 in
900 1341 977 1404 pene
991 1326 1021 1383 et
1033 1339 1110 1401 eque
1125 1323 1280 1402 poenitent.

173 1425 255 1496 58.
283 1421 342 1496 Qui
366 1422 574 1488 subdiaconum
595 1423 755 1497 ceciderit,
788 1423 866 1486 Viti.
891 1423 974 1486 annia
1000 1423 1029 1482 in
1052 1441 1127 1503 pene
1150 1424 1181 1482 et
1204 1438 1281 1498 roua

86 1579 89 1586 .
171 1525 330 1604 poeniteat.
372 1528 401 1596 §-
417 1522 447 1584 9.
470 1520 530 1597 Qui
548 1523 656 1586 laicum
677 1514 845 1595 occiderit,
860 1523 925 1586 vti.
941 1522 1026 1584 ennio
1041 1523 1199 1601 poenitent.
1243 1519 1282 1582 ut

173 1625 201 1686 ai
219 1641 290 1684 cren
310 1622 499 1686 homicidium
520 1625 749 1702 perpetraverit,
772 1623 836 1686 Xt„
851 1621 954 1684 diebue
973 1621 1010 1687 at
1033 1623 1166 1699 ingressu
1178 1620 1282 1684 necle·

173 1723 227 1784 eie
249 1741 283 1784 ee
305 1723 469 1798 atumem
490 1724 516 1786 ei
538 1727 658 1803 sponte,
679 1743 788 1787 mcum
812 1724 834 1785 1.
855 1723 903 1786 vet
925 1721 1043 1801 plurem
1064 1725 1098 1784 ut
1119 1723 1281 1799 episcopua

170 1823 354 1902 judicaverit
397 1830 427 1898 ς.
453 1823 502 1886 1⁰.
530 1822 714 1888 ttntimodu
737 1825 816 1884 enim
843 1823 939 1884 ornain
961 1821 1151 1886 homicidium
1177 1837 1282 1900 perpe·

87 1951 90 1960 ·
174 1925 290 1994 tretur3
310 1919 463 2000 aliquando
483 1924 562 1982 enim
584 1941 637 2002 pro
657 1923 842 1985 contentione
863 1922 1069 2002 temporalium
1090 1937 1207 2009 rernme
1227 1917 1281 1982 nli·

176 2019 292 2100 quando
305 2039 358 2100 per
371 2020 579 2096 aebrietatern3
601 2023 756 2100 aliquando
770 2041 825 2083 non
840 2025 961 2101 sponte,
984 2021 1036 2083 ned
1051 2025 1187 2095 coactus,
1208 2019 1282 2080 resi-

175 2120 278 2183 etendo
299 2121 481 2199 resurgenti3
509 2121 664 2200 aliquando
685 2123 823 2186 certando
845 2139 898 2202 pro
916 2119 1048 2202 justitia,
1068 2121 1116 2184 vel
1138 2139 1191 2200 pro
1213 2137 1282 2181 oon·

175 2222 334 2298 sanguinea
351 2221 496 2295 vindictae
517 2221 671 2298 aliquando
692 2239 779 2283 cauea
800 2221 913 2302 regati,
935 2221 1078 2282 adversus
1092 2223 1281 2293 resistentes,

173 2322 222 2383 rei
244 2320 418 2383 catholicam
440 2321 594 2384 ecclesiam
616 2321 811 2386 devastantes.
855 2325 884 2394 ς.
908 2319 957 2384 11.
980 2320 1012 2382 Si
1034 2323 1117 2400 quie,
1140 2337 1192 2401 pro
1213 2338 1283 2380 oon·

173 2421 302 2482 tentione
323 2423 530 2500 temporalium
552 2441 670 2496 rerum,
692 2425 905 2502 propinquum,
927 2421 974 2484 vei
998 2421 1213 2501 presbiterum,
1234 2420 1282 2483 vel

175 2525 376 2601 compatrem,
397 2523 551 2595 occiderit,
578 2525 693 2602 oportet
715 2523 797 2584 iilum
821 2521 885 2583 Vll.
905 2523 988 2585 annin
1010 2521 1126 2582 exulem
1150 2541 1168 2584 a
1188 2519 1283 2600 petrin
1339 2504 1344 2512 ¹

175 2619 230 2702 (ee)
255 2619 378 2700 ejicere,
408 2625 456 2693 et,
485 2641 539 2706 per
562 2623 694 2684 diverses
719 2621 900 2700 provincias,
931 2619 1104 2684 Sanctorum
1128 2621 1281 2697 requirere

175 2719 258 2794 incr,
279 2719 390 2800 absque
408 2723 499 2784 ermis
519 2724 550 2782 et
565 2722 789 2792 calceamentis,
811 2722 841 2780 et
856 2719 967 2800 absque
980 2719 1184 2782 communione
1198 2717 1282 2782 Chri-

172 2824 354 2894 etiamnum,
377 2825 406 2882 et
425 2839 481 2883 non
502 2821 612 2884 diutius
632 2839 721 2902 quam
743 2822 799 2883 diei
821 2823 851 2881 et
865 2822 958 2882 noctis
972 2823 1059 2882 uniua
1074 2821 1167 2899 spatio
1181 2819 1209 2878 in
1224 2837 1282 2881 una

177 2921 356 2984 habitatione
378 2922 549 3002 quiescere,
576 2925 631 2984 niai
655 2939 744 2984 cauea
767 2921 962 2995 infirmitatis,
989 2921 1036 2984 vei
1060 2919 1283 2999 noiiempnitetin

177 3021 367 3097 Sanctorum
395 3027 429 3084 ut
451 3025 528 3085 nient
551 3025 671 3084 incurrit
692 3026 812 3104 propter
832 3022 999 3110 propriain
1021 3021 1154 3102 culpem,
1176 3039 1194 3082 e
1215 3037 1284 3081 cnu-

174 3125 267 3184 trnrin
291 3125 438 3202 poeniteat
466 3126 496 3186 in
519 3124 624 3186 atiena.
673 3127 705 3195 ς.
732 3120 782 3184 tn.
815 3120 873 3197 Qui
898 3139 988 3195 vero,
1018 3141 1072 3202 pro
1099 3122 1203 3184 eadem
1232 3137 1282 3193 rr,
1318 3119 1321 3126 '

175 3222 305 3284 alienum
326 3222 490 3296 nerninem,
511 3223 540 3284 id
561 3227 608 3284 ent
628 3225 708 3299 (non)
726 3223 940 3302 propinquum,
961 3223 1118 3294 occiderit,
1139 3221 1212 3282 inira
1232 3239 1284 3300 pe·

175 3325 264 3384 triem
278 3320 343 3383 Vti.
358 3326 443 3384 annia
465 3324 628 3402 poeniteat,
650 3322 906 3404 suspendeturque
929 3324 965 3387 ab
988 3322 1131 3384 aecclesia
1148 3320 1195 3383 aei
1216 3339 1284 3381 rnn-

170 3423 268 3484 ecrtio
291 3421 524 3486 Christieaorum
548 3426 629 3485 tento
660 3427 793 3503 tempore
816 3424 865 3485 ant
889 3423 961 3486 trora
987 3441 1046 3503 qna
1069 3417 1168 3485 vinum
1194 3420 1284 3482 irrerit

173 3521 347 3601 neten,
368 3525 431 3586 nire
446 3522 512 3584 XL.
529 3525 569 3596 1.,
590 3526 655 3587 niae
670 3522 710 3596 1.,
733 3525 871 3596 carinam,
890 3523 939 3586 aet
955 3523 1006 3595 lt,
1025 3523 1075 3586 vei
1091 3522 1142 3584 ΙΙΙ.
1157 3520 1284 3591 cariano,

175 3623 225 3686 vei
240 3639 348 3686 annun
363 3622 386 3684 t
401 3627 453 3687 eut
467 3624 575 3704 piures.
618 3629 647 3696 s.
664 3625 714 3686 13.
735 3620 795 3698 Qui
810 3641 881 3687 vero
903 3641 955 3701 per
974 3622 1167 3684 aebrietntern
1189 3618 1285 3680 bonai-

173 3739 246 3786 uem
261 3723 416 3796 occiderit,
437 3725 501 3804 peri
516 3724 603 3803 eulpa
616 3723 805 3786 homicidium
819 3723 951 3784 incurrit.
994 3719 1057 3782 Una
1073 3722 1119 3780 eat
1134 3719 1174 3780 itti
1188 3718 1285 3798 culpa,

172 3825 247 3902 onie
267 3823 440 3901 pergulam
463 3827 558 3884 met
580 3827 682 3897 necat,
705 3823 819 3896 attere,
847 3823 917 3902 quie
938 3818 1140 3882 Cirriettanum
1161 3817 1284 3897 hinniat

177 3923 222 3985 liti
244 3941 296 4002 per
317 3925 424 3996 onnia,
444 3927 479 3986 ut
500 3943 590 4003 ειμι
609 3925 723 3988 dictem
749 3927 813 3996 eet,
835 3923 1012 4003 poenitentia
1034 3918 1211 3998 injungetur,
1232 3917 1285 3982 aee

177 4025 271 4086 mutto
299 4027 394 4101 megin
420 4023 537 4104 jejuniis
565 4043 653 4103 quam
683 4024 864 4086 abstinentiis
891 4022 1017 4084 caeteris
1044 4020 1206 4098 affligatur;
1234 4021 1284 4093 ut,

177 4125 255 4186 einut
276 4125 448 4204 pergulam
471 4125 597 4204 sumpsit
617 4126 731 4205 peccati
752 4124 876 4198 initium,
898 4140 952 4202 per
972 4121 1180 4200 parsimoniam
1200 4135 1286 4198 repe·

177 4225 261 4286 retur
282 4223 319 4287 ad
341 4227 506 4302 gratuitetis
527 4225 645 4287 donum.
691 4229 719 4300 ς.
737 4225 786 4288 tt.
810 4221 842 4284 Si
863 4241 935 4286 uero
957 4220 1064 4302 aliquis
1079 4218 1217 4283 certendo
1231 4236 1285 4299 pro

171 4323 288 4404 justitie
308 4326 523 4406 perpetraverit
541 4323 744 4397 homicidium,
766 4341 822 4386 non
844 4323 929 4386 ilium
951 4322 1067 4399 gravari
1088 4321 1202 4402 oportet
1223 4321 1285 4380 tam

176 4425 229 4488 niu
250 4426 367 4488 annunti
388 4423 512 4505 jejunio,
540 4443 639 4504 neque
661 4419 798 4498 XL·¹¹¹.,
827 4423 878 4486 ned
901 4419 976 4504 (per)
998 4421 1150 4493 triduana,
1173 4417 1220 4480 vel
1238 4417 1285 4478 bi·

178 4525 291 4600 duana,
327 4543 381 4587 seu
408 4525 521 4590 tenu
553 4522 681 4605 jejunio,
716 4526 749 4585 et
778 4541 832 4606 ner
859 4522 1051 4596 eunonium,
1079 4519 1218 4598 uciche
1245 4517 1284 4594 tn
