3094 5100
804 330 854 404 90

277 543 352 602 aqua
374 543 444 587 vero
466 525 623 588 ablutionis
643 527 784 596 sumatur,
806 526 837 583 st
858 523 886 582 in
908 523 1005 600 ignem
1022 523 1069 586 vel
1085 527 1253 586 currentem
1267 541 1377 600 aquam

276 622 451 704 projiciatur.
494 630 522 697 §.
545 623 574 684 9.
605 623 635 685 Si
664 626 730 701 quis
759 622 905 702 perfundit
926 623 1034 701 aliquid
1055 623 1091 684 de
1114 625 1204 686 calice
1224 641 1314 703 super
1336 624 1379 684 11-

276 728 347 796 tare,
370 727 484 803 quando
505 724 677 786 auferuntur
697 723 892 793 lintheamina,
914 721 978 783 Vll.
1001 723 1064 783 dies
1085 725 1241 810 poeniteat.
1271 728 1299 795 §.
1326 724 1377 784 10.

276 823 307 885 Si
329 825 465 886 ceciderit
486 823 661 886 sacrificium
683 822 720 882 de
740 840 830 884 mauu
851 823 993 902 portantis
1015 824 1043 883 in
1066 826 1205 894 stramen,
1229 821 1292 884 Vll.
1314 824 1378 884 dies

276 926 423 1004 poeniteat
443 943 460 986 a
482 941 540 1000 quo
562 922 707 984 ceciderit.
750 926 779 994 §.
802 923 851 984 11.
877 920 936 996 Qui
958 921 1105 1001 pertundit
1125 924 1244 986 calicem
1267 925 1295 984 in
1318 923 1378 983 fine

275 1024 496 1101 sollempnitatis
518 1025 642 1094 missae,
664 1022 729 1082 XL.
752 1023 814 1082 dies
836 1025 989 1100 poeniteat.
1034 1026 1062 1093 δ.
1082 1023 1130 1084 12.
1151 1021 1210 1095 Qui
1230 1024 1380 1102 acceperit

275 1121 449 1186 sacrificium
478 1125 542 1202 post
570 1121 694 1200 cybum,
725 1121 788 1182 Vll.
816 1122 879 1182 dies
908 1124 1055 1202 poeniteat
1070 1119 1104 1202 ¹).
1147 1127 1176 1194 i.
1200 1123 1249 1184 13.
1280 1123 1379 1184 Omne

276 1221 450 1286 sacrificium
473 1226 621 1283 vetustate
642 1221 757 1282 sordida
774 1225 942 1299 corruptum
962 1224 1020 1298 igni
1038 1223 1268 1285 comburendum
1284 1227 1331 1284 eat
1342 1219 1378 1306 ²).

277 1324 378 1394 111.
408 1322 539 1395 811111
567 1324 632 1399 quis
662 1321 836 1382 sacrificium
865 1323 979 1401 perdit,
1008 1323 1176 1402 relinquens
1205 1325 1275 1386 illud
1297 1323 1379 1384 lerae

276 1422 325 1484 vel
347 1423 394 1484 avi
416 1421 615 1483 devorandum
627 1419 668 1502 ³),
691 1422 755 1483 XL.
779 1423 839 1482 dies
861 1425 1025 1502 poeniteat3
1047 1424 1071 1482 vi
1095 1423 1258 1500 neglegens,
1280 1423 1304 1484 1.
1327 1441 1380 1484 an·

279 1539 350 1582 num
372 1520 536 1600 poeniteatl
580 1525 608 1592 i.
633 1521 681 1582 15.
708 1523 767 1597 Qui
788 1523 817 1582 in
838 1521 978 1584 aecclesia
999 1523 1143 1584 modicam
1171 1528 1284 1602 partem
1311 1541 1380 1602 per·

277 1618 398 1694 diderit,
421 1624 451 1679 et
472 1639 528 1681 non
550 1621 709 1694 invenerit,
732 1621 803 1682 XX.
824 1621 927 1682 diebus
948 1625 1112 1701 poeniteat,
1134 1623 1181 1684 vel
1202 1640 1380 1702 unoquoque

278 1720 325 1779 die
347 1721 474 1799 psalmos
495 1719 598 1781 LXX.-
615 1725 723 1782 cantet.
765 1726 793 1793 s.
817 1723 865 1783 16.
893 1720 924 1782 Si
946 1723 1011 1798 quis
1032 1725 1177 1800 acceperit
1202 1722 1381 1784 sacrificium

220 1861 222 1866 ,
277 1821 404 1900 pollutus
425 1824 566 1883 nocturno
587 1825 733 1900 tempore,
754 1826 912 1898 antequam
934 1824 1101 1911 poeniteat,
1132 1824 1204 1884 XX.
1226 1824 1288 1884 dies
1309 1841 1381 1902 poe·

278 1921 378 1992 niteat,
399 1921 446 1982 vel
467 1919 505 1981 V.
527 1920 664 2000 psalteria
686 1925 790 1984 cantet.
823 1925 850 1993 §.
866 1921 915 1985 17.
937 1918 997 1994 Qui
1018 1923 1276 1984 communicaverit
1297 1922 1382 1998 igno-

277 2023 377 2080 ranter
406 2022 690 2083 excommunicatum
717 2018 752 2080 ab
780 2021 938 2093 aecclesia,
970 2020 1034 2081 XL.
1060 2022 1122 2083 dies
1150 2024 1304 2101 poeniteat.
1348 2019 1382 2082 Si

277 2123 376 2180 autem
404 2120 529 2178 scienter
556 2119 674 2192 lecerit,
707 2119 839 2180 similiter
867 2121 1174 2183 excommunicabitur.
1217 2125 1246 2193 ς.
1269 2121 1320 2184 18.
1349 2122 1381 2184 si

278 2216 385 2288 laicus,
408 2217 437 2276 in
459 2218 521 2297 ipra
542 2217 589 2277 die
610 2217 725 2297 quando
746 2221 1024 2291 communicaverit,
1046 2239 1099 2297 per
1120 2221 1311 2284 aebrietatem
1332 2219 1381 2284 vel

278 2316 488 2388 voracitatem,
521 2314 695 2378 sacrificium
721 2319 901 2390 evomuerit,
931 2317 995 2378 XL.
1022 2318 1084 2379 dies
1112 2321 1307 2399 poeniceum.
1351 2320 1382 2380 si

278 2418 377 2478 autem
400 2419 552 2494 postquam
575 2415 734 2488 dormierit,
760 2419 826 2476 ante
847 2417 974 2478 mediam
995 2423 1119 2489 noctem,
1141 2419 1253 2492 lecerit,
1275 2418 1382 2480 XXX.

279 2513 341 2574 dies
362 2518 463 2592 apotu
485 2513 639 2576 abstineat.
672 2514 703 2576 Si
722 2534 792 2578 vero
814 2519 879 2595 post
900 2517 1025 2578 mediam
1044 2521 1158 2579 noctem
1175 2505 1299 2587 lecerit*
1308 2518 1382 2579 XX.

278 2613 341 2674 dies
362 2633 379 2675 a
401 2619 470 2692 potu
493 2613 645 2678 abstineat.
688 2615 720 2676 Si
742 2617 884 2680 matutino
904 2617 952 2679 vel
974 2635 1060 2678 mane
1082 2617 1194 2690 lecerit,
1216 2618 1256 2679 X.
1279 2618 1343 2678 dies
1362 2637 1382 2680 a

279 2716 350 2792 potu
380 2713 532 2776 abstineat.
577 2721 605 2788 §-
629 2715 678 2778 19.
710 2715 742 2777 Si
762 2735 834 2778 vero
861 2735 949 2778 canes
977 2717 1154 2778 lambuerint
1175 2717 1264 2778 talem
1285 2718 1383 2780 vomi·

278 2817 360 2887 tum,
383 2813 414 2878 C.
437 2814 499 2875 dies
522 2815 634 2892 absque
655 2835 732 2895 equa
752 2819 899 2896 poeniteat
919 2819 970 2896 qui
991 2820 1090 2878 vomit.
1122 2817 1153 2878 Si
1175 2818 1203 2877 in
1226 2818 1291 2893 igne
1312 2835 1382 2895 pro-

278 2912 365 2991 jecit,
396 2914 428 2977 C.
449 2915 576 2994 psalmos
604 2920 720 2989 cantet,
750 2916 798 2979 vel
818 2917 856 2978 Il.
878 2918 941 2978 dies
963 2935 1030 2978 cum
1053 2935 1129 2996 aqua
1147 2921 1304 2998 poeniteat.
1348 2915 1382 2978 Si

279 3010 455 3072 infirmitatis
477 3033 564 3076 causa
587 3015 698 3088 lecerit,
721 3015 786 3076 Vll.
807 3016 870 3077 dies
892 3019 1039 3094 poeniteat
1059 3035 1128 3078 cum
1150 3034 1236 3093 aqua.
1279 3019 1308 3087 §-
1326 3015 1379 3077 20.

279 3109 313 3172 Si
340 3113 405 3188 quis
435 3113 571 3174 sacerdos
601 3114 687 3176 alicui
716 3116 826 3175 crimen
853 3117 975 3194 capitale
997 3116 1157 3179 admittenti
1178 3133 1212 3179 ac
1233 3114 1382 3195 publicam

279 3211 487 3289 poeniteutiam
513 3214 630 3288 agenti,
659 3217 726 3276 ante
753 3215 1034 3290 reconciliationem,
1064 3217 1298 3277 communionem
1327 3216 1383 3276 tri·

279 3307 392 3382 buerit,
422 3310 484 3372 111.
509 3312 570 3373 dies
602 3317 756 3392 poeniteat.
799 3319 828 3387 §-
850 3313 899 3374 21.
926 3316 1072 3379 Diaconos
1100 3316 1274 3378 obliviscens
1300 3314 1383 3376 obla-

278 3409 388 3469 tionem
415 3409 521 3471 offerre
549 3412 612 3472 sine
640 3411 843 3486 lintheamine,
873 3414 939 3476 XL.
967 3416 1029 3476 dies
1057 3418 1223 3495 poeniteam
1254 3416 1323 3493 qnia
1351 3415 1382 3474 in

279 3507 437 3586 Evangelio
465 3511 604 3590 scriptum
626 3517 689 3587 est,
720 3515 795 3591 quod
817 3515 925 3594 loseph
947 3533 1052 3595 corpus
1073 3516 1188 3577 Domini
1210 3516 1239 3575 in
1253 3514 1382 3586 ¹sindone

279 3608 387 3670 munda
409 3610 538 3673 involvit.

282 3769 582 3788 Ἣ

351 3885 378 3942 1)
407 3884 437 3935 11
459 3885 557 3946 iudicio
582 3887 694 3952 episcopi
722 3895 760 3938 est
784 3888 861 3940 illius.
897 3891 929 3943 lt.
949 3889 1007 3940 add.
1032 3901 1090 3940 cum
1116 3889 1164 3952 1111
1181 3895 1260 3944 nota:
1287 3887 1336 3939 lroc
1354 3887 1382 3940 ln

281 3970 435 4034 quibusdem
453 3985 504 4022 111
524 3974 640 4030 additur.
661 3987 742 4025 «1111
760 3975 899 4036 injudicio
919 3975 1032 4038 episcopi
1042 3992 1064 4024 1.

351 4057 377 4121 2)
397 4057 531 4110 consessio
549 4066 634 4110 autern
654 4061 708 4110 lieo
726 4059 774 4110 soli
793 4068 821 4110 ut
839 4067 926 4122 agatur
940 4060 1034 4117 licebit,
1053 4061 1076 4111 si
1089 4072 1194 4110 necesse
1209 4067 1257 4112 est.
1275 4061 1306 4114 N.
1320 4061 1382 4113 add.

281 4155 340 4194 cnm
363 4144 412 4194 boc
436 4152 511 4195 nota:
540 4151 564 4194 et
588 4145 637 4194 boc
656 4147 872 4197 «necessarium»
892 4147 920 4198 ln
939 4146 1093 4211 quibusdam
1112 4147 1244 4198 codicibus
1262 4160 1314 4199 non
1333 4155 1381 4200 est.

351 4231 377 4294 3)
396 4230 423 4282 sl
441 4243 516 4287 casn,
536 4231 585 4284 111.
603 4230 758 4282 ebdomadas
773 4233 885 4293 1111111,
904 4233 927 4283 11
944 4231 1093 4294 neglegens,
1113 4232 1159 4285 111.
1177 4234 1271 4286 ΧΨ.
1289 4235 1320 4288 11.

351 4316 378 4376 t)
403 4316 431 4368 si
454 4318 487 4367 slt
511 4316 633 4373 clericus,
661 4318 700 4368 vel
725 4317 884 4375 monachus,
902 4330 958 4392 *seu
982 4317 1122 4382 diaconus3
1148 4320 1279 4385 presbyter
1295 4319 1383 4376 LXX.

282 4401 356 4467 dies,
374 4401 510 4466 eobeopiu
528 4401 581 4452 XC.
599 4403 629 4453 P.
648 4402 708 4454 add.
