3108 5098
702 314 750 390 el

179 517 210 574 et
236 511 339 572 iecerit
359 510 472 574 Pascha
499 527 569 572 cum
588 511 707 574 ludaeis
729 512 827 574 Xllll.
849 511 954 584 lunae,
982 511 1223 576 exterminabitur
1243 513 1281 576 ab

177 612 256 674 omni
278 610 437 684 aecclesia,
465 611 520 670 nisi
541 612 750 690 poenitentiam
774 611 865 687 egerit
886 614 955 672 ante
976 613 1111 672 mortem.
1155 616 1183 684 1.
1200 611 1228 674 5.
1250 613 1281 678 Si

177 711 244 789 quis
263 713 362 772 autem
383 727 450 772 oum
471 711 609 772 hereticis
621 709 644 792 ¹)
661 712 806 784 oraverit,
829 711 913 789 quasi
927 729 994 770 cum
1011 710 1116 772 elerico
1131 711 1280 786 catholico,

177 809 367 871 ebdomadam
382 810 405 871 l.
420 813 574 889 poeniteat.
611 810 641 872 Si
656 813 821 882 iteraverit,
845 811 909 872 XL.
926 810 988 870 dies
1007 812 1162 889 poeniteat
1204 818 1234 886 s.
1249 815 1280 876 6.

176 909 209 972 Si
230 910 297 988 quis
318 909 474 972 defendere
495 911 620 972 voluerit
638 910 754 970 heresin
770 909 890 982 eorum,
913 911 967 972 uisi
982 912 1187 989 poenitentiam
1203 916 1280 989 agat,

176 1008 310 1070 similiter
331 1009 588 1080 exterminabitur,
611 1010 733 1070 Domino
756 1009 889 1070 dicente:
914 1032 930 1064 «
939 1006 998 1082 Qui
1020 1028 1076 1070 nou
1098 1013 1143 1072 e'st
1163 1030 1280 1074 mecum

175 1112 277 1192 contra
302 1125 351 1168 me
379 1113 460 1168 est».
504 1111 532 1180 §.
557 1109 585 1168 7.
620 1108 651 1170 Si
674 1110 741 1186 quis
765 1109 930 1189 baptizatus
954 1108 1043 1170 luerit
1071 1110 1106 1172 ab
1131 1099 1287 1184 heretico,

175 1209 227 1286 qui
241 1211 322 1268 recte
337 1208 365 1266 in
380 1207 551 1268 Trinitatem
566 1225 621 1267 non
636 1207 809 1280 crediderit,
832 1211 939 1272 iterum
952 1208 1116 1288 baptizetur
1128 1207 1162 1290 ²).
1206 1214 1234 1282 1.
1249 1208 1281 1272 8.

175 1308 295 1385 Siquis
318 1306 429 1367 dederit
453 1309 504 1368 aut
534 1307 679 1386 acceperit
708 1310 943 1370 communionem
968 1309 1004 1369 de
1029 1327 1119 1372 manu
1141 1309 1280 1382 heretici,

174 1410 206 1467 et
228 1408 321 1466 nescit
340 1406 417 1483 quod
437 1407 596 1467 aecclesiae
611 1406 768 1468 catholicae
784 1408 969 1482 contradicit,
991 1412 1093 1488 postea
1107 1409 1280 1486 intelligens

173 1525 283 1570 annum
305 1507 451 1582 integrum
474 1506 630 1583 poeniteat.
674 1504 706 1565 Si
728 1509 828 1566 autem
849 1508 905 1567 scit
925 1510 955 1566 et
977 1507 1150 1582 neglexerit,
1179 1510 1209 1570 et
1229 1526 1281 1588 po·

174 1607 238 1666 sica
261 1605 468 1684 poeniteutiam
489 1621 576 1682 agere
596 1604 734 1676 voluerit,
758 1604 798 1665 X.
814 1623 904 1666 anuos
925 1607 1087 1684 poeniteat;
1110 1607 1157 1668 alii
1180 1607 1280 1670 dicunt

174 1703 257 1775 v11.;
279 1703 326 1764 alii
345 1703 503 1764 humanius
523 1703 685 1775 diffiniunt,
708 1707 740 1764 ut
756 1704 789 1763 V.
813 1722 903 1764 anuos
924 1705 1079 1783 poeniteat.
1123 1705 1281 1768 Sciendum

173 1806 291 1876 tameo,
321 1803 396 1880 quod
418 1803 467 1864 illa
489 1803 616 1865 varietas
640 1822 676 1863 ex
700 1803 840 1882 qualitate
863 1803 959 1864 delicti
986 1805 1092 1866 evenit.
1136 1809 1165 1876 s.
1188 1805 1217 1865 9.
1248 1803 1279 1866 Si

173 1905 242 1982 quis
265 1903 450 1982 permiserit,
481 1902 609 1962 heretico
635 1887 766 1962 missam'
782 1921 866 1962 suam
892 1902 1060 1963 caelebrare
1086 1905 1113 1962 in
1138 1903 1281 1966 aecclesia

174 2002 333 2075 catholica,
363 2005 393 2062 et
414 2005 506 2062 nescit
527 2003 596 2080 quia
618 2001 766 2062 hereticus
790 2006 851 2074 est,
875 2002 941 2062 XL.
962 2001 1025 2061 dies
1050 2003 1206 2082 poeniteat.
1249 2004 1280 2065 Si

174 2105 241 2179 quis
267 2119 320 2180 pro
344 2103 509 2164 reverentia
536 2100 620 2171 iacit,
651 2120 760 2162 annum
786 2104 933 2179 integrum
964 2103 1120 2180 poeniteat.
1167 2102 1198 2163 Si
1228 2122 1280 2184 pro

173 2201 378 2280 dampnatione
400 2202 557 2262 aecclesiae
580 2200 740 2263 catholicae
763 2199 849 2273 lacit,
872 2199 1040 2281 projiciatur
1061 2201 1098 2261 ab
1119 2201 1279 2277 aecclesia,

174 2303 251 2362 sicut
272 2301 433 2374 hereticus,
456 2302 511 2362 nisi
531 2303 737 2381 poenitentiam
758 2305 832 2378 agat.
876 2302 906 2361 Si
921 2319 992 2362 vero
1006 2300 1167 2361 voluntarie
1181 2301 1281 2380 poeni-

173 2401 297 2462 tentiam
320 2418 407 2476 agere
428 2401 570 2471 voluerit,
593 2401 633 2462 X.
656 2419 747 2462 anuos
770 2403 926 2480 poeniteat.
971 2404 999 2471 S.
1017 2401 1065 2466 10.
1089 2398 1120 2460 Si
1143 2402 1209 2478 quis
1228 2417 1280 2461 re-

174 2501 296 2560 cesserit
318 2499 354 2560 ab
380 2499 521 2562 aecclesia
546 2499 687 2560 catholica
711 2501 738 2559 in
763 2502 983 2577 congregatione
1009 2499 1223 2573 hereticorum,
1250 2502 1281 2559 et

174 2601 246 2662 alios
266 2601 461 2678 persuaserit,
483 2603 512 2659 et
533 2603 632 2679 postea
656 2601 861 2679 poenitentiam
884 2602 993 2682 egerit,
1018 2597 1085 2658 Xll.
1100 2615 1189 2660 annos
1209 2616 1279 2677 poe·

174 2701 280 2771 niteat,
302 2699 368 2760 llll.
384 2717 475 2760 annos
495 2702 577 2760 extra
598 2699 789 2770 aecclesiam,
811 2702 840 2757 et
856 2698 902 2759 Vl.
920 2700 996 2757 inter
1009 2698 1172 2770 auditores,
1195 2701 1225 2758 et
1240 2698 1277 2758 ll.

174 2798 268 2860 adbuc
291 2801 375 2862 extra
396 2800 638 2860 communionem.
681 2797 724 2858 De
747 2798 794 2858 his
824 2800 851 2857 in
865 2795 887 2878 ³)
914 2781 1024 2859 canone
1049 2798 1172 2858 dicitur:
1205 2797 1276 2858 «X0

174 2916 249 2959 anno
264 2900 496 2960 communionem
511 2917 577 2958 cum
593 2897 738 2958 oblatione
755 2899 930 2975 ‚accipianln
943 2896 950 2956 l
962 2893 985 2978 ⁴)
1029 2901 1058 2968 s.
1074 2895 1123 2960 11.
1145 2895 1176 2957 Si
1198 2897 1278 2976 aepi-

174 3016 280 3077 scopus
297 2997 417 3076 jusserit
440 2998 578 3059 clericum
599 3015 704 3070 suum,
726 3001 777 3058 aut
795 2996 885 3060 abbas
907 2997 1084 3058 monachum
1107 3013 1203 3069 suum,
1225 3015 1278 3078 pro

172 3097 310 3160 hereticis
321 3095 345 3178 ὅ1
369 3099 489 3158 missam
511 3100 645 3168 cantare,
667 3115 722 3156 non
744 3096 812 3157 licet
831 3101 861 3158 et
884 3115 940 3158 non
959 3097 1075 3176 expedit
1090 3095 1226 3156 oboedire
1241 3099 1278 3156 ei.

174 3202 202 3270 §-
225 3198 273 3260 12.
300 3196 332 3258 Si
354 3197 514 3278 presbitero
537 3199 706 3273 contigerit,
736 3197 786 3257 ubi
811 3199 933 3258 missam
956 3198 1132 3268 cantaverit,
1163 3199 1192 3256 et
1215 3196 1278 3258 aliis

172 3299 344 3360 recitaverit
365 3299 479 3358 nomina
503 3302 703 3369 mortuorum,
733 3300 766 3356 ut
788 3297 874 3358 simul
898 3298 1093 3358 nominaverit
1115 3295 1279 3356 hereticum

173 3416 241 3459 curn
265 3397 432 3468 catholicin,
462 3398 511 3459 illo
536 3399 666 3470 sciente,
697 3395 888 3464 ebdomadam
912 3397 935 3457 l.
957 3398 1114 3477 poeniteat.
1164 3395 1279 3456 81111-

173 3500 297 3575 quenter
312 3497 430 3568 iecerit,
452 3515 560 3559 annum
576 3499 721 3573 integrum
736 3497 890 3576 poeniteat.
904 3513 906 3519 ·
933 3500 962 3567 s.
981 3494 1029 3558 13.
1051 3495 1082 3556 Si
1098 3497 1168 3572 quis¹
1180 3497 1278 3556 1110111

173 3597 388 3676 postmortem
413 3595 535 3656 heretici
560 3599 683 3657 missam
708 3596 901 3667 ordinaverit,
931 3598 960 3654 et
986 3613 1038 3674 pro
1063 3593 1202 3669 religione
1226 3611 1279 3655 sua

173 3694 311 3772 reliquias
332 3694 385 3756 sibi
411 3697 556 3767 tenuerit,
586 3697 655 3772 quia
677 3695 802 3758 multum
821 3692 1012 3773 jejunaverit,
1034 3695 1064 3754 et
1086 3681 1178 3754 nescit
1197 3691 1279 3752 dilie-

180 3853 476 3868 m

246 3954 260 4002 1
292 3951 341 4002 1110
360 3953 400 4002 N.‘

244 3955 271 4100 21
295 4040 351 4091 1101
375 4040 539 4092 Theodorum
566 4041 661 4094 dixisse
685 4055 736 4094 non
761 4041 900 4098 credimus,
929 4046 1016 4092 contra
1034 4040 1177 4092 Niceauum
1195 4039 1280 4090 conci-

87 4177 94 4184 ,
174 4128 239 4178 lium
257 4132 283 4176 11
300 4126 385 4178 sinodi
404 4128 522 4184 decreta,
539 4130 606 4192 sicut
625 4129 657 4178 de
673 4126 792 4180 Arrianis
810 4129 954 4184 conversis,
973 4127 1124 4180 Trinitatem
1142 4139 1194 4180 nou
1213 4131 1281 4178 recte

175 4213 351 4269 credentibus.
372 4214 543 4266 confirmatur.
579 4219 612 4268 N.
630 4215 689 4266 add.

245 4301 272 4362 3)
291 4301 387 4372 sinodo
406 4303 439 4352 N.

245 4387 273 4450 i)
292 4388 351 4438 Sive
370 4388 526 4438 oblationem
545 4389 676 4452 recipiant.
699 4391 730 4442 N.

246 4475 274 4537 n)
292 4475 411 4526 Mortuis.
432 4476 463 4526 N.
482 4475 541 4526 add.

218 4571 386 4662 8111111011,
403 4555 602 4637 violentissimam
616 4576 798 4638 1111111111.
