3094 5100
703 354 775 432 iot

187 555 195 572 '·
246 549 426 613 Poenitantia
449 551 535 614 istius
555 551 623 615 anni
643 550 711 612 talis
732 567 798 612 esse
819 550 921 612 tenet:
944 555 979 614 nt
999 547 1073 614 riuos
1093 551 1172 623 dies,
1194 553 1221 614 id
1242 553 1290 615 est

185 651 342 716 secundam
364 650 487 725 teriam,
515 655 545 712 et
570 651 705 730 quartam
731 649 759 710 in
783 667 959 728 unaquaque
979 651 1165 714 hebdomada·
1180 651 1291 736 jejunet

184 753 221 814 ad
242 769 415 833 vesperam:
432 781 435 786 ¹
450 753 489 816 Et
510 755 579 814 tuno
596 751 749 823 ⁴reiioiatnr
770 753 848 812 siooo
870 751 950 825 oibo,
971 751 1001 812 id
1022 757 1084 825 est,
1106 752 1143 813 de
1162 769 1241 833 pane
1260 751 1291 812 et

184 852 379 930 teguminibus
406 853 492 914 sioois
520 852 572 914 sed
601 851 706 924 coetis,
737 854 788 912 ant
816 853 928 931 pomis,
958 855 1010 915 ant
1023 852 1166 915 ‘oleribus
1194 851 1291 914 orodis

184 971 277 1016 unum
303 953 390 1030 eligat
417 971 455 1013 ex
482 952 529 1014 his
556 952 667 1025 tribue,
695 955 725 1012 et
747 955 863 1024 utatur,
892 955 922 1012 et
952 955 1104 1016 cervisiam
1130 953 1211 1016 bibat
1239 951 1292 1014 ‘sed

185 1053 302 1116 sobrie.-
328 1046 374 1115 'lit
399 1053 519 1113 tertium
548 1052 644 1124 diem,
675 1051 705 1112 id
733 1055 796 1125 est,
828 1057 941 1114 sextam
970 1051 1074 1116 teriam
1104 1055 1134 1114 in
1160 1071 1235 1133 pane
1260 1055 1292 1114 et

124 1153 127 1162 ⁴
184 1171 260 1233 aqua
280 1153 433 1226 observet,
455 1156 485 1213 et
505 1155 567 1214 tres
589 1151 828 1230 quadragesimas
845 1148 958 1230 jejunet
979 1157 1047 1214 ante
1068 1154 1163 1216 natale
1183 1153 1292 1220 domini

184 1271 291 1326 nnana,
314 1253 477 1314 'secundam
499 1255 567 1316 ante
588 1251 718 1324 Pascha,
746 1243 863 1312 tertiam
886 1255 954 1314 ante
978 1254 1100 1316 missam
1125 1255 1217 1315 saneti
1241 1253 1292 1314 Jo-

185 1355 290 1417 annis:
325 1353 364 1418 lta
384 1353 413 1413 in
435 1351 481 1413 hie
502 1351 596 1414 tribus
618 1351 850 1431 quadragesimis
868 1349 981 1430 jejunet
1000 1352 1074 1415 dnos
1098 1353 1161 1415 dies
1182 1353 1218 1414 ed
1240 1372 1292 1415 no·

185 1471 252 1518 nam
275 1455 304 1514 in
326 1453 524 1524 hebdomada,
547 1453 632 1512 etde
653 1453 730 1512 sieoo
749 1449 814 1512 oibo
830 1451 979 1525 eomedat,
999 1456 1033 1515 nt
1052 1469 1140 1534 snpra
1158 1455 1292 1518 notatum

185 1557 249 1616 est:
277 1554 317 1615 Et
339 1557 452 1615 sextam
474 1552 578 1615 teriam
596 1551 706 1630 ieiunet
728 1551 808 1611 etin
830 1567 905 1630 pane
926 1553 956 1610 et
976 1570 1068 1629 aqua,
1090 1556 1120 1613 et
1141 1554 1169 1614 in
1190 1553 1292 1616 Domi

184 1655 259 1715 niois
279 1653 397 1727 diebus,
419 1657 449 1712 et
471 1653 500 1712 in
521 1651 611 1715 nauli
631 1651 766 1722 Domini,
788 1654 818 1710 et
838 1653 867 1710 in
888 1651 1061 1713 Pentecoste
1082 1657 1207 1730 quattror
1227 1653 1291 1714 iilos

185 1752 261 1814 dies:
289 1753 328 1814 Et
349 1753 378 1813 in
398 1750 564 1831 Epiphania
585 1767 679 1813 unum
698 1750 793 1821 diem,
813 1753 845 1810 et
864 1753 894 1809 in
915 1749 1028 1813 Pascha
1049 1769 1145 1831 usque
1166 1751 1202 1813 ad
1224 1769 1292 1830 sep-

185 1853 292 1914 timum
313 1851 410 1924 diem,
438 1855 469 1912 et
496 1853 525 1910 in
549 1851 727 1912 incensione
751 1848 885 1921 Domini,
914 1853 944 1910 et
965 1854 993 1912 in
1014 1852 1105 1914 missa
1126 1851 1218 1913 monti
1239 1849 1291 1911 Jo-

184 1952 268 2014 annis
288 1951 452 2030 Baptistae,
483 1953 513 2009 et
537 1952 655 2012 sanctae
679 1949 808 2020 Mariae,
837 1951 866 2008 et
889 1948 1041 2010 duodecim
1067 1949 1290 2030 Apostolorum,

185 2054 216 2112 et
235 2054 328 2112 sancti
348 2050 517 2134 Michaelis,
545 2052 575 2111 et
599 2051 691 2112 saneti
716 2048 859 2132 Remigii,
889 2051 920 2108 et
947 2050 1077 2112 omnium
1105 2053 1289 2124 sanctorum,
1318 2095 1350 2106 ..
1394 2099 1397 2106 .

185 2152 216 2210 et
236 2151 329 2212 saneti
349 2151 483 2222 Mertim,
513 2152 543 2210 et
564 2150 594 2209 in
616 2149 694 2210 iliius
715 2148 808 2210 saneti
830 2145 1006 2224 testivitate,
1036 2152 1087 2228 qui
1108 2153 1138 2212 in
1159 2150 1208 2212 illo
1228 2151 1291 2229 epi·
1348 2158 1393 2233 ,ὃ
1452 2173 1457 2198 ·

185 2255 305 2330 scopato
327 2249 451 2312 celebris
471 2249 605 2310 habetor.
634 2249 724 2310 Et'in
744 2248 791 2310 iris
812 2248 985 2328 supradictis
1002 2248 1104 2313 diebus
1120 2250 1206 2314 iaciat
1221 2248 1291 2312 ohe·
1415 2302 1418 2315 .

184 2351 303 2411 ritatem
324 2367 393 2412 oum
414 2351 521 2412 ceteris
541 2347 719 2420 christianis,
741 2345 912 2410 sed'tamen
934 2347 1106 2414 ebrietatem
1127 2354 1158 2412 et
1178 2351 1290 2414 ventris

184 2448 387 2510 distentionem
410 2467 527 2528 semper
549 2449 578 2508 in
598 2445 733 2510 omnihus
754 2448 866 2510 careat.

633 2756 788 2834 ιιιιιιιι.
806 2757 842 2808 ιι.

211 2832 252 2936 ite
269 2881 322 2934 iliis
341 2879 386 2944 qni
400 2877 517 2940 idoneae
534 2889 586 2930 non
604 2885 727 2943 possunt,
752 2884 778 2928 et
794 2876 936 2940 adimplere
953 2876 1023 2940 prod
1040 2877 1067 2931 in
1085 2877 1262 2941 poenitentiali

643 2964 768 3028 seriptum
786 2969 834 3016 est.

249 3084 309 3162 Qm
325 3083 455 3164 jejunam
472 3088 584 3166 potest,
606 3086 636 3144 et
653 3082 774 3162 implere
792 3082 870 3162 qnod
886 3085 916 3143 in
932 3043 1129 3163 poenitentisii
1145 3084 1290 3164 seriptum
1314 3098 1381 3140 esee
1388 3111 1452 3143 ene

185 3192 248 3262 est3
273 3187 382 3249 bonum
405 3190 466 3260 est,
488 3191 518 3247 et
539 3185 601 3246 Deo
621 3186 728 3262 gratias
749 3184 868 3246 reiensi.
903 3181 964 3258 Qui
983 3188 1083 3248 auten
1104 3203 1161 3246 non
1183 3159 1453 3271 ΜΞ-ῗᾙζῗζ

186 3290 214 3348 ei
232 3306 286 3367 per
303 3286 532 3349 misericordiam
552 3286 607 3346 Dei
629 3284 781 3346 eonsilium
800 3284 903 3347 damus
919 3283 993 3359 tale,
1014 3287 1048 3345 nt
1068 3302 1123 3345 neo
1143 3284 1214 3360 sibi,
1235 3281 1452 3347 neo¹¹¹¹¹¹⁰¹1t¹i

185 3387 271 3450 alieni
291 3405 413 3448 neeesse
433 3389 472 3448 sit
493 3386 649 3465 desperare
669 3384 717 3447 vel
738 3385 845 3463 perire.
1300 3337 1328 3377 ‘¹⁶
1351 3337 1452 3407 ΨΜ

625 3689 779 3744 csnrnos.
797 3690 846 3744 ιιι
982 3659 988 3669 ’

230 3817 270 3868 lte
287 3812 474 3876 Redemptione
491 3811 563 3864 iilius
580 3812 656 3870 anni,
680 3824 758 3876 quem
775 3811 804 3862 in
821 3823 888 3876 pene
905 3818 931 3864 et
947 3825 1014 3878 ιφιι
1028 3811 1145 3875 jejunare
1162 3815 1245 3870 dmm
1317 3857 1323 3868 ,
1348 3841 1354 3855 .
1394 3845 1399 3854 .
1430 3845 1443 3853 ..

249 3931 347 3996 Primo
366 3934 416 3994 die
436 3949 525 4012 quem
548 3933 578 3994 in
600 3950 677 4013 pana
701 3937 732 3993 et
757 3949 833 4010 aqna
858 3930 989 4010 jejunare
1012 3932 1117 4008 debet,
1145 3937 1312 4014 ‹pinqua-¹
1372 3934 1377 3943 '
1439 3931 1444 3942 '

187 4037 267 4112 ginta
283 4035 411 4114 psalmos
427 4036 457 4094 in
473 4033 621 4107 Rooiesia,
642 4035 669 4094 si
686 4033 751 4094 tieri
768 4037 879 4114 potest,
901 4034 1036 4098 decantet
1052 4033 1137 4098 tionis
1149 4035 1291 4113 geeibns3
1387 4052 1393 4064 ·
1440 4052 1446 4062 ’

188 4138 233 4198 sin
254 4140 370 4208 antem,
391 4137 421 4195 in
440 4133 502 4195 iooo
520 4135 704 4196 mmententi
721 4134 826 4194 eadem
845 4133 949 4208 iaciat,
970 4137 1001 4195 et
1018 4153 1111 4198 unum
1128 4151 1290 4216 pauperem

187 4238 305 4316 paseat,
326 4238 358 4295 et
377 4249 413 4294 eo
433 4233 481 4293 dio
501 4236 624 4311 exeepto
644 4233 730 4306 vieo,
751 4251 839 4296 earne
860 4236 890 4294 et
910 4235 1068 4311 sagimine,
1089 4237 1189 4298 mmet
1207 4236 1291 4314 qnie-

187 4335 257 4416 quid
283 4335 365 4397 seiit.
409 4333 442 4395 Si
468 4335 568 4394 autem
594 4331 661 4394 talis
690 4335 750 4406 est,
779 4335 829 4409 qni
857 4334 970 4397 tamdiu
995 4335 1026 4394 in
1049 4333 1172 4410 genibus
1191 4332 1291 4412 jaoere

187 4453 244 4496 non
272 4435 379 4515 possit,
409 4423 497 4496 ianiat
524 4435 624 4495 autem
651 4433 695 4493 eie
723 4435 752 4493 in
780 4432 929 4507 Eoeiesia,
958 4435 985 4495 si
1012 4433 1077 4494 tieri
1105 4435 1206 4512 poesit.
1240 4433 1290 4496 sie

188 4539 289 4598 antem
309 4535 338 4596 in
358 4551 418 4597 nno
437 4532 501 4594 iooo
521 4531 623 4596 eundo
643 4533 755 4594 intente
775 4533 961 4612 septuagints
983 4530 1115 4612 pertusos
1133 4548 1190 4614 per
1211 4533 1291 4598 ordi·
