3094 5100
734 403 740 412 -
803 344 914 434 lot-

283 557 330 619 vel
361 555 404 618 ΙΙΙ
438 537 674 637 quadragesimas
707 560 770 620 sive
802 556 858 618 XL
895 557 957 618 dies
986 556 1067 635 juxta
1099 557 1269 636 qualitatem
1297 555 1386 635 culpe

284 659 422 736 peniteat.
765 673 768 678 “

783 817 871 886 XVI.
886 869 888 876 .

513 940 514 944 Ἰ
580 967 582 972 “
638 966 675 1014 De
694 961 825 1026 patricidis
844 971 868 1013 et
886 964 1029 1014 fratricidis.

347 1061 378 1159 Si
405 1101 470 1177 quis
495 1099 549 1160 hoc
573 1101 683 1160 crimen
711 1099 940 1178 perpetraverit,
969 1092 1085 1176 quidam
1104 1063 1324 1176 iudicauerunt,
1353 1101 1387 1160 ut

284 1199 338 1260 Vll
368 1217 457 1258 annos
483 1199 530 1261 vel
559 1197 632 1258 XlV
657 1200 845 1276 penitentiam
871 1199 1015 1274 egissent,
1050 1198 1168 1290 quidam
1195 1215 1266 1258 vero
1293 1215 1388 1273 usque

284 1301 320 1362 ad
342 1298 430 1358 finem
452 1300 513 1358 vite
533 1315 586 1358 sue
609 1299 637 1356 in
658 1299 816 1375 penitentia
838 1297 977 1368 luissent,
1001 1298 1075 1357 sicut
1096 1295 1186 1368 Cain,
1208 1298 1258 1374 qui
1280 1296 1388 1357 similia

277 1399 498 1477 perpetravit.¹
531 1430 533 1433 ν

781 1499 887 1622 XVII.

393 1705 432 1752 Dc
450 1701 590 1752 infantibus
609 1713 653 1762 pcr
672 1701 856 1762 neglegentiam
876 1702 984 1750 mortuis
1001 1715 1058 1752 non
1075 1701 1218 1764 baptizatis
1234 1700 1275 1762 ⁸¹).

347 1837 465 1896 Pariens
486 1834 611 1905 femina,
638 1834 719 1913 cujus
741 1835 819 1895 tillus
841 1854 893 1914 per
915 1827 1125 1912 neglegentiam
1147 1853 1201 1894 non
1223 1834 1387 1914 baptizatus

285 1937 371 2007 obiit,
393 1952 500 1994 aunum
522 1933 535 1993 l
558 1935 685 2012 peniteat
707 1938 736 1994 et
758 1954 906 2013 nunqnam
929 1937 967 1994 sit
989 1937 1050 1995 sine
1071 1935 1167 2012 aliqua
1190 1938 1356 2011 penitentia.

347 2035 376 2096 Si
401 2034 554 2105 sacerdoS‚
582 2035 618 2096 ad
646 2052 733 2111 quern
762 2034 939 2113 pertinebat,
966 2038 1088 2094 vocatus
1114 2033 1203 2096 luerit
1230 2035 1266 2095 ad
1294 2033 1387 2112 bapti-

285 2135 409 2196 zandum
431 2134 569 2195 iniantem
593 2138 622 2192 et
643 2137 743 2195 venire
765 2135 940 2210 neglexerit,
969 2136 1033 2212 ipse
1056 2134 1268 2193 damnationem
1291 2137 1388 2195 anime

281 2233 389 2312 judicio
411 2235 536 2311 episcopi
562 2235 607 2293 sui
630 2236 767 2310 castiget,
797 2235 847 2293 sed
874 2233 1063 2310 etornnibus
1088 2233 1222 2316 fidelibus
1246 2234 1314 2293 licet
1339 2233 1388 2293 ubi

285 2335 359 2396 iorte
382 2336 537 2394 morituros
559 2335 721 2392 invenerint
744 2351 799 2416 non
821 2333 988 2412 baptizatos.
1017 2333 1111 2394 lmmo
1133 2336 1303 2411 preceptum
1324 2351 1388 2392 om·
1507 2395 1511 2403 ,

286 2434 371 2494 nibus
393 2438 452 2503 est,
474 2436 586 2494 animos
607 2435 721 2512 eripere
743 2434 778 2492 de
800 2432 912 2512 diabolo
931 2451 982 2510 per
1000 2434 1158 2512 baptisma,
1182 2434 1209 2492 id
1232 2438 1277 2492 est
1299 2434 1388 2492 bene-

286 2534 362 2595 dicta
391 2551 465 2609 aqua
495 2533 664 2611 simpliciter
692 2534 719 2591 in
750 2533 865 2591 nomine
894 2533 1001 2591 domini
1030 2535 1059 2591 et
1087 2532 1233 2611 baptizare
1265 2533 1328 2593 illos
1358 2534 1386 2592 in

286 2634 402 2693 nomine
423 2633 513 2709 patris
536 2635 565 2690 et
587 2631 637 2690 filii
658 2635 688 2691 et
709 2634 828 2709 spiritus
850 2632 942 2691 sancti
965 2634 1097 2692 intinctos
1114 2636 1213 2692 autem
1232 2632 1387 2712 superfusa

286 2752 371 2810 aqua
417 2730 497 2810 Unde
525 2734 639 2810 oportet
667 2750 717 2791 eos
746 2734 794 2808 qui
825 2735 944 2811 possunt
972 2736 1068 2794 tamen
1099 2732 1199 2793 fideles
1230 2732 1387 2795 monachos

286 2833 413 2894 maxime
434 2834 463 2889 et
485 2831 634 2890 scientiam
656 2829 765 2890 habere
786 2830 949 2910 baptizandi
975 2834 1004 2891 et
1029 2833 1054 2892 si
1075 2831 1180 2894 alicubi
1202 2833 1315 2910 longius
1337 2851 1387 2894 ex·

286 2933 384 3006 ierint,
407 2930 612 2992 eucharistiam
634 2915 751 3012 semper
771 2950 871 2992 secum
892 2930 1001 3020 trabere
1022 2931 1137 3016 debant.

774 3117 895 3186 xvrn.
958 3081 960 3085 ’

728 3266 764 3318 De
788 3266 939 3326 juramento.

350 3396 407 3471 Qui
434 3399 563 3477 perjurat
589 3418 621 3460 se
647 3403 740 3470 sciens
763 3406 792 3460 et
814 3401 970 3478 conpulsus
991 3403 1036 3460 est
1057 3422 1074 3464 a
1095 3401 1226 3473 domiuo,
1252 3402 1294 3462 ΙΙΙ
1316 3419 1388 3479 qua-

287 3497 465 3576 dragesimas
485 3503 515 3560 et
537 3501 678 3575 legitimas
701 3501 787 3562 terias
808 3503 944 3580 peniteat.
979 3498 1038 3573 Qui
1061 3503 1155 3562 sciens
1181 3503 1320 3562 virtutem
1340 3501 1388 3580 ju·

286 3602 410 3661 ramenti
431 3601 479 3663 vel
501 3599 618 3678 perjurii
641 3605 670 3660 et
693 3601 820 3681 perjurat
847 3620 878 3662 sc
906 3603 933 3661 in
961 3621 1050 3663 manu
1076 3602 1202 3681 episcopi
1229 3603 1276 3662 vel
1305 3619 1388 3679 pres·

289 3700 386 3778 byteri
405 3718 457 3761 seu
477 3702 504 3758 in
524 3701 624 3761 altario
645 3701 693 3760 vel
713 3703 739 3759 in
763 3719 849 3760 cruce
868 3704 1050 3772 consecrata,
1073 3719 1165 3762 annos
1187 3699 1228 3761 lll
1249 3703 1387 3780 peniteat,

288 3801 313 3859 ai
334 3817 405 3859 vero
432 3801 460 3859 in
485 3797 571 3860 cruce
593 3817 646 3858 non
672 3803 855 3872 consecrata,
884 3821 991 3863 annum
1018 3801 1047 3861 l'
1061 3803 1204 3878 peniteat,
1234 3803 1259 3861 si
1287 3803 1388 3860 autem

288 3901 317 3958 in
339 3916 427 3960 manu
449 3899 573 3960 hominis
593 3902 670 3978 apud
691 3919 810 3978 graecos
832 3901 902 3960 nihil
924 3905 976 3960 est.
1022 3898 1079 3973 Qui
1105 3902 1242 3971 seductus
1266 3905 1312 3960 est
1337 3917 1389 3959 ne-

288 3999 382 4071 scius,
410 4003 443 4058 ut
464 3997 591 4076 perjurat
613 4017 645 4059 se
666 4018 718 4077 pro
743 4002 828 4060 noxio
854 4003 882 4060 et
910 4003 1009 4076 postea
1036 4003 1201 4077 cognoverit
1227 3999 1389 4078 perjurium

289 4116 393 4170 suum,
422 4117 530 4159 anuum
558 4099 570 4158 l
598 4100 736 4176 peniteat.
773 4096 832 4172 oca·
855 4118 908 4178 per
928 4102 1126 4178 juramentum
1142 4099 1179 4180 ⁸²)
1210 4100 1238 4160 iu
1266 4099 1389 4162 ecclesia

290 4199 390 4261 autin
413 4199 563 4274 evangelio
587 4199 650 4259 sire
676 4198 705 4257 in
730 4198 860 4275 reliquiis
886 4202 1052 4260 sanctorum
1076 4199 1193 4268 lecerit,
1221 4197 1276 4260 Vll
1298 4217 1389 4260 annos

300 4357 584 4376 m

342 4459 387 4516 81)
406 4457 467 4507 cod.
487 4454 537 4507 illi
558 4468 631 4519 „non
650 4454 805 4515 baptizatis‘t
824 4455 903 4508 deest

342 4541 389 4604 82)
406 4542 469 4594 cod.
488 4541 539 4594 151
559 4541 609 4606 Qui
624 4543 807 4603 iuramentum.
