3094 5100
291 539 404 625 lilerio,
427 552 474 614 vel
496 551 603 615 Sancte
624 551 727 628 Petre,
748 551 815 614 audi
838 566 906 624 nos,
929 551 997 626 sed,
1028 548 1188 625 «Christe,
1211 551 1280 613 audi
1298 570 1403 627 nom

294 657 345 726 et,
370 651 448 712 «Fili
469 651 540 724 Dei,
562 656 596 712 te
614 665 768 729 rogamus,
790 653 858 714 audi
880 671 932 713 nos
945 650 990 733 ¹)i
1033 651 1186 730 Reliquiae
1206 656 1306 713 tamen
1328 649 1405 715 San·

294 755 407 813 ctorum
438 751 622 812 venerandae
643 755 729 824 sunt,
760 755 810 826 et,
839 755 863 812 si
885 755 981 830 potest
1001 751 1083 825 lieri,
1114 755 1142 812 in
1164 739 1323 826 aecclesia,
1352 753 1405 814 ubi

293 850 435 929 reliquiae
456 847 629 913 Sanctorum
658 855 742 924 suot,
775 851 895 913 candela
925 851 1026 914 ardeat
1053 871 1107 932 per
1136 852 1263 928 singulas
1285 853 1405 913 noctesl

295 947 327 1009 Si
356 955 456 1012 autem
486 953 643 1030 paupertas
672 951 726 1011 loci
755 970 811 1011 non
841 953 927 1024 sinit,
960 970 1015 1011 non
1042 955 1128 1012 nocet
1156 954 1208 1012 eis.
1251 948 1284 1012 In
1306 951 1406 1014 natale

295 1051 469 1112 Sanctorum
492 1052 641 1111 incensum
665 1051 838 1112 incendatur
858 1069 911 1129 pro
932 1053 1097 1114 reverentia
1119 1047 1230 1123 diei²l3
1256 1053 1324 1130 qnia
1347 1051 1405 1130 ipsi

294 1155 364 1212 sunt
385 1150 444 1213 lilia
466 1168 542 1229 quae
564 1149 670 1210 dedere
691 1151 810 1210 odorem
833 1153 999 1223 suavitatis,
1021 1155 1051 1210 et
1072 1152 1208 1229 primitus
1230 1151 1405 1212 aecclesiam

293 1266 447 1328 aspersere
477 1251 554 1310 sieut
583 1251 694 1327 spargit
725 1249 892 1310 incensuml
936 1253 964 1322 9.
995 1251 1023 1311 3.
1057 1251 1257 1328 AEpisoopum'
1275 1249 1345 1310 licet
1375 1251 1406 1312 in

294 1367 398 1429 campo
417 1347 599 1420 confirmare,
622 1351 646 1410 si
668 1351 828 1410 necessitas
850 1347 981 1431 inerit³).
1013 1353 1042 1421 §.
1059 1349 1087 1411 t.
1110 1349 1309 1412 Presbiterum
1328 1348 1405 1410 duas

294 1450 400 1510 missas
429 1453 457 1510 iu
479 1468 538 1512 uno
559 1451 650 1512 altare
671 1454 789 1513 cantare
810 1450 887 1511 licet.
931 1454 960 1522 9.
983 1450 1012 1512 5.
1040 1450 1206 1522 Presbiter,
1235 1451 1260 1509 si
1279 1462 1406 1527 respon-

295 1551 407 1610 sorium
436 1553 533 1612 cantat
562 1552 591 1610 in
621 1551 729 1623 missa,
758 1550 806 1611 vel
828 1569 1033 1628 quaecumque
1054 1552 1140 1627 agat,
1172 1567 1294 1628 cappam
1317 1567 1403 1610 suam

295 1651 356 1710 non'
380 1648 479 1721 tollat;
512 1652 537 1710 si
560 1649 752 1726 Evangelium
779 1650 868 1726 legit,
899 1667 988 1729 super
1015 1649 1154 1711 humeros
1176 1652 1274 1728 ponat.
1318 1652 1347 1720 9.
1372 1649 1403 1712 6.

295 1747 359 1810 Nou
381 1749 448 1809 licet
468 1749 621 1812 diaconum
643 1750 717 1812 laico
739 1751 946 1830 poenitentiam
966 1747 1107 1826 judicare,
1130 1749 1181 1809 sed
1203 1749 1353 1828 aepiscopi
1374 1753 1403 1810 et

295 1847 451 1928 presbiteri
468 1849 599 1926 Judioare
621 1849 737 1910 debent.
781 1854 810 1921 9.
833 1851 860 1910 7.
886 1850 1012 1910 Diaconi'
1029 1851 1152 1928 possunt
1173 1849 1342 1927 baptizare,
1375 1853 1404 1912 et

296 1946 404 2026 cybum
423 1947 471 2010 ael
494 1951 594 2027 potum
616 1948 797 2010 benedicere.
841 1955 869 2021 §.
887 1948 917 2010 8.
934 1947 1107 2010 subdiaconi
1130 1967 1185 2009 non
1207 1953 1330 2028 possunt
1352 1948 1404 2012 ba·

294 2049 422 2127 ptizare,
444 2066 540 2123 neque
561 2065 665 2126 panem
688 2049 775 2122 dare,
800 2049 848 2112 vel
869 2049 989 2110 calicem
1010 2049 1194 2110 benedicere.
1237 2052 1266 2120 §.
1286 2047 1315 2110 9.
1338 2048 1404 2110 Non

296 2147 366 2208 licet
393 2147 583 2208 subdiaconos
612 2148 733 2209 babere*
749 2149 846 2209 locum
874 2149 902 2208 in
930 2149 1070 2210 diaconio.
1113 2150 1216 2220 910.
1246 2148 1310 2209 Non
1335 2149 1405 2210 licet

296 2247 449 2311 diaconum
477 2265 577 2308 eoram
607 2249 778 2328 presbiteris
805 2248 924 2320 sedere,
954 2250 1005 2309 sed
1026 2247 1156 2327 jussione
1177 2247 1332 2329 presbiteri
1355 2265 1404 2310 se-

294 2346 372 2408 deat.
416 2352 445 2418 §.
469 2347 518 2408 11.
548 2347 689 2409 Similiter
716 2351 816 2408 autem
846 2351 875 2408 et
904 2347 1044 2412 diaconus
1073 2348 1213 2409 bonorem
1235 2347 1345 2410 babeat
1366 2347 1404 2410 ab

297 2446 542 2525 obsequentibus,
575 2448 602 2508 id
630 2451 676 2508 est
702 2447 886 2510 subdiaconis
915 2451 944 2508 ct
971 2447 1106 2510 omnibus
1135 2449 1256 2510 clericis.
1300 2451 1330 2519 9.
1356 2447 1405 2509 12.

297 2546 416 2608 Diaconi
438 2548 515 2627 apud
537 2545 648 2608 Grecos
669 2527 857 2619 non'dicunt,
881 2547 1050 2610 «Dominus
1071 2547 1222 2609 vobiscum
1233 2570 1261 2608 n.
1291 2550 1335 2618 19.
1356 2545 1406 2610 13.

299 2644 483 2708 Sacrificium
505 2664 560 2707 non
582 2649 628 2708 est
649 2647 851 2724 accipiendum
873 2647 909 2708 de
930 2665 1020 2708 manu
1042 2648 1201 2709 sacerdotis
1221 2649 1273 2726 qui
1296 2648 1407 2708 oratio·

299 2765 353 2808 nes
372 2747 421 2810 rcl
441 2746 581 2808 lectiones
602 2746 763 2808 secundum
784 2749 874 2808 ritum
896 2747 1018 2826 implere
1039 2766 1097 2809 non
1118 2751 1214 2826 potest
1223 2744 1259 2832 ⁴).
1303 2749 1333 2819 9.
1356 2745 1408 2810 ib.

370 3048 395 3110 1)
415 3046 516 3100 Gradus
535 3059 587 3098 non
606 3046 732 3098 debemus
750 3047 834 3096 iacere
852 3053 911 3098 anta
928 3047 1022 3104 alters,
1047 3047 1092 3098 ubi
1111 3045 1234 3110 reliquiae
1251 3045 1409 3098 Sanctorum

299 3135 459 3185 venerandae
477 3140 546 3184 sunt.
573 3134 599 3184 Si
619 3139 710 3195 potest.
730 3133 835 3184 candela
855 3135 941 3184 ardeat
959 3134 995 3184 ibi
1014 3133 1191 3197 persingulas
1209 3139 1306 3184 noctes.
1327 3133 1356 3184 P.
1376 3135 1410 3198 Q.

370 3221 396 3281 2)
416 3218 482 3282 Quia
501 3219 565 3281 ipsi,
585 3219 652 3268 sicut
670 3219 740 3276 litia.
761 3219 886 3272 dederunt
904 3221 1009 3270 odorem
1028 3220 1177 3276 suavitatis,
1198 3225 1222 3269 et
1244 3229 1412 3283 asperserunt

301 3307 436 3358 ecclesiam
456 3305 573 3362 Domini,
594 3305 660 3354 sicut
678 3305 782 3355 incenso
802 3308 942 3369 aspergitur
960 3305 1079 3368 primitus
1095 3305 1167 3366 juxta
1186 3307 1269 3358 altare.
1290 3307 1317 3358 Ρ.

371 3395 397 3457 3)
417 3393 539 3445 Similiter
558 3398 582 3442 et
600 3392 740 3455 presbitero
759 3405 846 3455 agere,
871 3393 893 3443 si
914 3393 1051 3449 diaconus,
1077 3393 1116 3443 vel
1134 3393 1260 3454 presbiter
1277 3394 1348 3456 ipse,
1368 3407 1412 3446 ca-

295 3481 376 3532 licem
400 3482 439 3532 vel
465 3480 620 3530 oblationem
647 3481 766 3531 manibus
789 3479 907 3529 tenuerit.
945 3480 1089 3542 Episcopus
1113 3491 1164 3529 non
1190 3479 1266 3530 debet
1288 3481 1411 3532 abbatem

301 3583 391 3634 eogere
414 3569 446 3619 ad
464 3569 585 3618 sinodum
604 3569 655 3624 iro.
682 3568 732 3618 nisi
751 3567 932 3630 etiamaliqua
949 3566 1109 3617 roborabitis
1128 3579 1204 3617 causa
1224 3567 1265 3617 slt.
1301 3569 1411 3629 Episco-

300 3671 350 3720 pus
375 3657 507 3719 dispensst
530 3667 621 3705 causas
646 3667 801 3717 pauperum.
826 3667 910 3716 usqua
928 3654 961 3705 sd
978 3655 1008 3705 L.
1026 3653 1138 3716 solidos;
1165 3666 1210 3706 rex
1229 3665 1288 3706 varo
1307 3655 1330 3706 si
1349 3656 1412 3718 plus

301 3752 347 3794 est.
384 3743 528 3806 Episcopus
547 3748 572 3792 et
591 3742 671 3792 abbas
690 3742 821 3792 hominem
841 3743 993 3806 sceleratum
1011 3753 1113 3808 servum
1132 3748 1239 3804 possuot
1257 3741 1367 3800 babere,
1388 3743 1411 3794 si

303 3831 412 3896 pretium
435 3829 578 3880 redimendi
605 3840 656 3878 non
682 3828 763 3879 habet.
802 3828 928 3892 Episcopo
954 3829 1012 3878 licet
1036 3835 1124 3878 votnm
1152 3830 1265 3886 solvere,
1295 3830 1319 3880 si
1347 3831 1413 3881 vult.

302 3917 447 3968 Presbitero
470 3917 518 3966 soii
537 3917 596 3966 iicet
613 3916 706 3966 missas
724 3917 822 3973 iacere,
849 3920 873 3964 et
891 3917 1015 3978 poputum
1033 3916 1186 3968 benedicere
1204 3917 1231 3968 in
1252 3919 1412 3974 lucescere,

302 4009 328 4054 et
354 4016 453 4054 crucem
480 4004 646 4053 sanctificare.
684 4003 812 4053 Presbiter
837 4003 950 4052 decimas
970 4003 1031 4054 dare
1049 4017 1101 4054 non
1120 4004 1228 4066 cogitur.
1263 4003 1413 4055 Presbitero

301 4103 354 4142 non
373 4091 433 4140 licet
450 4098 583 4154 peccatum
603 4090 716 4152 episcopi
735 4090 857 4153 prodere,
878 4089 938 4152 quia
957 4101 1033 4153 super
1052 4103 1111 4140 eum
1131 4097 1177 4141 est.
1197 4091 1226 4141 P.
1245 4089 1276 4153 Q.
1297 4091 1357 4141 add.

372 4179 399 4239 ll
417 4178 546 4230 Presbiter
564 4177 709 4233 fornicans,
733 4177 772 4235 si,
792 4184 927 4239 postquam
947 4185 1106 4240 compertum
1125 4177 1217 4235 luerit.
1237 4177 1413 4239 baptizaverit,

303 4265 395 4316 iterum
420 4265 579 4328 baptizentur
602 4264 638 4316 illi
664 4275 730 4327 quos
754 4263 900 4326 baptizarit
938 4264 964 4314 Si
984 4265 1043 4329 quis
1068 4265 1194 4329 presbiter
1211 4265 1346 4316 ordinatus
1367 4265 1414 4316 de·

303 4352 438 4417 prehendit
457 4363 485 4402 so
503 4363 554 4403 non
574 4364 631 4402 esse
650 4351 814 4415 baptizatum.
834 4351 976 4414 baptizetur
998 4359 1023 4404 et
1041 4354 1173 4404 ordinetur
1191 4353 1291 4404 lterum.
1317 4353 1416 4404 Diaco-

304 4453 351 4491 nos
378 4451 438 4490 cum
457 4439 547 4490 Grecis
566 4451 617 4490 non
636 4439 757 4502 trangunt
774 4451 868 4503 panem
887 4446 1018 4497 sanctum,
1043 4453 1092 4492 neo
1110 4439 1287 4492 collectionem
1306 4439 1412 4500 dieunt,

303 4526 345 4580 rel
364 4527 517 4578 «Dominus
535 4526 711 4588 vobiscum»,
730 4526 770 4579 rel
788 4525 951 4591 completam.
969 4528 998 4580 P.
1017 4527 1049 4593 Q.
1068 4526 1127 4579 add.
