3094 5100
671 355 742 433 rra
792 309 795 316 ’

567 555 725 610 mutua.
744 553 842 608 nial.

426 677 465 727 lte
483 676 631 728 homicidiis
647 691 699 730 non
717 683 809 740 sponte
827 675 984 726 commiasis.

219 799 262 862 De
282 800 446 864 homicidiis
467 820 523 864 non
545 805 648 884 sponte
669 805 849 876 commiaeie,
872 803 952 880 quali
973 798 1168 881 poenitentiae
1188 798 1260 859 eub·
1286 796 1424 898 12?st

152 900 309 962 mittantur
335 902 355 962 ii
382 904 434 980 qui
460 902 610 977 iecerunt,
639 907 667 964 in
690 903 826 983 Episcopi
847 903 991 964 sententia
1012 902 1139 962 maneat.
1174 870 1334 986 pontia
1355 929 1374 956 2·
1398 924 1424 954 α

153 1017 244 1078 quam
264 1000 370 1062 viderit
390 1002 506 1063 illorum
526 1003 645 1080 diganum
667 1005 890 1082 poenitentiam,
912 1001 1084 1063 clementius
1104 1004 1175 1076 ⁰¹8⁸
1195 997 1259 1058 ffl⁰⁸
1271 971 1424 1077 gffinffi

155 1103 232 1175 agat.
275 1097 307 1160 Si
333 1102 399 1178 quie
423 1101 516 1165 filiurn
542 1098 629 1164 enum
650 1121 707 1164 non
729 1107 832 1182 sponte
853 1102 975 1175 oceidit.
999 1099 1082 1178 l'um
1103 1094 1341 1193 mmissidhssf'ffi'
1375 1101 1422 1144 ὂψ

155 1216 211 1258 non
232 1202 335 1279 aponte
356 1201 512 1265 oommieea
532 1205 690 1283 poeniteat.

573 1484 727 1538 enervati.
750 1484 843 1538 xliv.

506 1603 546 1653 lle
574 1603 730 1656 continentia
758 1603 908 1655 aaeerdotie.

220 1723 397 1805 Episcopus,
425 1731 477 1789 aut
497 1728 673 1809 Presbyter,
701 1733 753 1792 aut
773 1731 911 1792 diaconus
932 1731 984 1806 qui
1005 1728 1033 1788 in
1053 1726 1260 1797 fornicatione,

155 1826 208 1885 aut
228 1810 371 1903 perjurio,
398 1831 450 1888 aut
469 1826 547 1889 lurto
568 1828 668 1908 lapaue
688 1833 750 1901 eet,
778 1829 957 1907 deponatur,
981 1845 1038 1888 oon
1059 1829 1158 1887 umen
1180 1839 1261 1884 com-

155 1925 294 1984 munione
314 1926 456 2003 privetur.
497 1925 576 1988 Dicit
597 1928 675 1988 enim
695 1929 840 2006 scriptura
856 1923 899 2010 ¹)=
936 1925 1001 1988 llon
1021 1923 1180 1989 vindicabit
1200 1923 1261 1986 llo-

156 2024 254 2086 minue
273 2023 320 2086 bie
340 2026 370 2084 in
391 2027 528 2106 idipsum.

579 2308 735 2361 carram.
754 2309 836 2362 xlv.

506 2426 545 2478 lte
569 2427 705 2491 Episcopie
730 2429 769 2480 vel
796 2425 911 2512 dioride.

218 2551 282 2612 Lex
296 2549 320 2634 ²)
342 2555 536 2615 continentiae
558 2555 660 2618 eadem
681 2559 728 2617 eet
748 2555 847 2618 altaria
866 2557 1023 2628 ministris,
1045 2573 1121 2632 quae
1140 2555 1261 2634 Epiaeo-

156 2650 218 2729 pie,
241 2655 292 2712 aut
308 2653 508 2733 Presbyterie,
530 2655 580 2733 qni
599 2651 668 2715 curn
687 2658 793 2716 essent
805 2654 903 2728 Laici,
924 2655 987 2718 eive
1003 2654 1160 2728 Lectores,
1181 2654 1259 2714 licite

156 2753 187 2809 et
214 2737 320 2813 uxorea
346 2753 470 2826 ducere,
499 2756 530 2814 et
556 2751 630 2814 filios
657 2770 812 2833 procreare
841 2757 1007 2836 potuerunt.
1044 2754 1101 2816 Sed
1127 2772 1194 2815 cum
1222 2753 1259 2815 ad

155 2849 319 2929 praedictos
336 2853 523 2931 pervenerint
541 2853 662 2930 gradus,
685 2853 780 2932 coepit
800 2855 844 2914 eie
865 2871 922 2914 uon
943 2852 1048 2927 licere,
1070 2852 1147 2932 quod
1168 2853 1259 2914 licuit.

156 2945 239 3010 Unde
260 2953 290 3010 et
309 2952 347 3012 de
368 2951 478 3014 carnali
499 2949 533 3011 lit
553 2951 684 3031 spiritale
705 2950 870 3014 conubium.
907 2951 1032 3031 Oportet
1058 2971 1109 3016 eoe
1134 2970 1190 3014 nec
1215 2951 1261 3012 di·

155 3049 276 3110 mittere
301 3068 425 3124 uxores,
450 3054 482 3112 et
508 3051 593 3128 quasi
619 3069 676 3112 non
703 3049 846 3126 babeant,
874 3053 917 3114 eic
940 3051 1066 3127 babere;
1095 3071 1155 3132 quo
1179 3052 1260 3116 ealva

155 3147 196 3208 ait
216 3147 343 3213 ebaritas
363 3147 590 3223 connubiorum,
611 3152 642 3209 et
663 3154 759 3212 cesset
780 3153 911 3230 operatio
931 3153 1110 3248 nuptiarum.

572 3430 728 3485 carlum..
747 3432 841 3484 xlvi.

400 3553 439 3603 lte
455 3550 570 3604 Crimine
588 3557 731 3614 perpetrato
748 3552 775 3602 ln
794 3552 858 3602 atrlo
877 3551 1018 3609 Ecclesiae.

221 3677 254 3742 Si
278 3681 308 3740 in
336 3680 410 3742 atrio
436 3675 587 3740 Ecclesiae
613 3677 749 3757 quislibet
772 3677 954 3755 injuriaverit
977 3679 1105 3758 aliquem
1130 3678 1260 3760 Presby-

156 3785 271 3854 terum,
299 3777 348 3840 vel
372 3778 481 3840 ibidem
505 3777 623 3858 aliquod
645 3777 830 3856 sacrilegium
857 3780 1088 3860 perpetraverit,
1117 3779 1201 3845 altari
1230 3784 1261 3844 et

156 3880 281 3943 Domino
295 3877 319 3960 ³)
342 3881 543 3956 componatur.

211 4091 237 4153 1)
256 4091 319 4143 can.
339 4087 388 4139 aub
406 4085 512 4137 nomine
528 4082 621 4147 apost.
640 4095 662 4134 e.
682 4083 724 4136 bl.
758 4083 837 4136 Baail.
856 4095 878 4136 a.
896 4083 922 4137 8.
941 4086 1015 4149 epiet
1034 4098 1126 4140 canon.
1144 4088 1177 4140 ad
1194 4088 1260 4140 Am·

257 4173 423 4238 pbiloobimn.
450 4171 543 4223 Burrb
565 4172 582 4222 l.
599 4173 643 4225 17.
660 4183 683 4221 c.
700 4169 744 4223 ³⁰.

210 4262 239 4326 ²l
256 4264 294 4314 Ea
311 4259 421 4311 decreue
438 4258 532 4310 becula
550 4258 572 4309 1.
590 4269 645 4320 cap.
664 4258 707 4310 17.
739 4256 863 4311 Rabanuv
884 4258 913 4310 iu
936 4261 1010 4324 eplet
1032 4261 1065 4312 ad
1089 4261 1260 4314 llerlbaldum

259 4363 313 4413 cap.
333 4349 359 4398 1.
386 4347 484 4408 Regino
503 4347 521 4397 1.
540 4346 565 4395 1.
585 4358 607 4396 c.
625 4345 669 4396 91.

160 4449 165 4456 ·
211 4437 240 4502 8)
258 4435 355 4488 Goaoil.
373 4433 540 4486 Tribarianee
562 4443 585 4484 e.
602 4431 629 4482 d.
653 4437 679 4482 at
694 4431 722 4484 d.
754 4433 854 4496 legino
876 4433 894 4484 l.
917 4433 944 4488 7.
966 4447 990 4488 e.
1010 4434 1054 4490 8⁷.
1085 4437 1179 4490 lturcb.
1197 4438 1215 4490 l.
1234 4438 1260 4492 d.

258 4535 280 4575 c.
298 4521 360 4575 1911.
