3094 5100
769 329 841 408 los

250 547 318 592 nem
334 528 486 602 deerat,
507 531 540 590 el
554 546 714 608 pauperem
732 531 849 606 pascal,
863 530 902 588 'ct
921 545 957 588 eo
975 527 1248 616 dielexceplouine
1268 548 1357 592 carne

250 633 280 691 el
301 631 459 706 sagimine,
486 634 585 690 sumai
606 629 743 707 quicquid
764 628 845 692 relil.
888 625 948 702 Qui
969 629 997 688 in
1020 629 1152 694 Ecclesia
1172 649 1266 708 genus
1287 648 1358 692 cen-

249 731 305 792 uss
324 728 456 802 flexerit,
486 730 597 799 idest,
626 730 651 790 si
672 729 783 788 centies
803 729 924 792 veniam
943 730 1075 808 petierit,
1105 730 1132 792 si
1154 730 1218 792 lieri
1243 732 1357 810 polest,

249 829 278 892 iu
299 828 431 892 Ecclesia
453 827 519 892 liat:
540 827 596 888 hnc
614 826 810 906 justissimum
831 832 887 890 est.
922 827 954 889 Si
975 833 1075 892 autem
1094 829 1157 892 fieri
1174 849 1230 892 non
1250 834 1358 907 polest,

249 931 361 994 secrete
388 931 417 990 in
446 930 509 991 loeo
536 929 719 991 convenienti
746 927 802 988 hoc
830 928 934 990 iaciat..
951 929 999 1014 ³Si
1028 932 1070 992 sic
1096 929 1216 1003 leceril,
1245 948 1279 992 ee
1308 930 1357 990 die

249 1034 371 1108 excepte
397 1031 484 1104 vine,
513 1033 543 1090 et
568 1047 656 1090 carne
683 1033 713 1091 et
740 1030 897 1106 sagimine,
917 1036 1025 1102 sumat
1051 1031 1129 1110 quod
1155 1031 1258 1109 placeb
1294 1028 1359 1104 Qui

248 1129 377 1210 psalmos
398 1148 454 1190 non
476 1130 572 1202 novit,
602 1147 693 1192 unum
715 1127 810 1203 diem,
838 1148 928 1207 quem
949 1133 980 1190 in
1001 1150 1076 1210 pane
1103 1134 1134 1190 el
1156 1149 1233 1210 aqua
1254 1131 1359 1210 poeni-

248 1233 312 1290 tere
334 1230 436 1300 debet,
464 1229 545 1294 dives
570 1230 697 1291 denariis
722 1229 831 1303 tribus,
860 1249 970 1311 pauper
995 1250 1052 1292 une
1077 1232 1194 1294 denario
1218 1231 1358 1292 redimat.

248 1329 343 1392 Eleo
363 1329 411 1390 die
432 1334 554 1408 exceptu
574 1331 659 1403 sinc,
681 1348 768 1392 carue
789 1333 820 1390 el
841 1331 982 1407 sagimine
1006 1334 1104 1394 sumat
1126 1331 1206 1410 quod
1230 1331 1358 1410 placeat.

248 1429 315 1494 uuo
336 1429 436 1506 modo,
458 1430 577 1509 quidam
599 1429 699 1492 dicunt
718 1430 821 1508 uiginti
841 1430 985 1509 palmatas
1002 1430 1101 1494 valere
1122 1450 1175 1512 pro
1196 1449 1255 1494 une
1275 1432 1334 1496 die.

691 1750 846 1806 CAPITUL·
865 1753 912 1806 lv.
999 1755 1002 1760 ’

285 1871 324 1924 Ile
341 1871 529 1936 Redemptione
547 1872 625 1924 unius
642 1871 833 1931 hebdomadae,
852 1885 931 1936 quarn
949 1873 976 1923 in
994 1883 1061 1935 pane
1078 1878 1104 1922 et
1121 1885 1188 1936 aqua
1202 1873 1321 1934 idunsrs

761 1961 845 2011 debet.

99 2090 237 2147 Resinata·
312 2077 370 2140 Pro
390 2098 451 2142 una
471 2077 669 2153 hebdomada,
691 2097 779 2158 quam
801 2081 830 2140 in
851 2096 927 2160 pane
948 2082 978 2140 el
1000 2095 1076 2157 aqua
1096 2076 1227 2157 jejunare
1248 2075 1354 2154 debet,

84 2155 176 2253 ‘’„ffi
187 2210 203 2254 ι,
215 2179 395 2264 9‚lrecenlos
416 2177 544 2259 psalmos
565 2177 688 2256 genibus
708 2177 792 2240 lieris
813 2178 842 2238 in
865 2179 996 2242 Ecclesia
1017 2179 1161 2240 decantet.
1198 2179 1228 2240 Si
1252 2182 1354 2241 autem

84 2281 104 2315 ⁶·
122 2275 156 2315 ¹⁸·
249 2278 305 2340 hoc
326 2279 423 2340 lacere
444 2296 500 2338 non
522 2281 636 2359 polest,
657 2279 712 2339 iria
735 2278 872 2358 psalteria
891 2279 919 2339 in
935 2278 1068 2342 Ecclesia
1087 2277 1134 2341 vel
1153 2278 1182 2338 in
1203 2277 1266 2338 loco
1283 2295 1356 2340 con·

248 2379 379 2443 venienti
407 2378 518 2439 intente
546 2377 695 2451 decanlei3
723 2381 753 2438 et
780 2379 935 2457 postquam
961 2377 1092 2458 psallerit
1120 2379 1241 2456 excepto
1268 2381 1354 2456 vino,

248 2496 336 2541 carne
358 2481 388 2539 el
409 2479 565 2556 sagimine,
590 2482 689 2540 sumai
710 2477 850 2556 quidquid
871 2477 952 2540 velit.

98 2592 235 2648 naraon..
309 2580 367 2641 Pro
395 2599 454 2642 uno
482 2598 601 2653 meuse,
632 2595 721 2657 quem
749 2580 882 2658 inpane
911 2582 941 2639 et
968 2597 1043 2657 aqua
1071 2579 1220 2658 poenitere
1248 2575 1353 2651 debet,

83 2657 234 2767 “allelssm,
247 2679 375 2759 psalmos
396 2680 476 2742 mille
498 2681 636 2742 ducentos
658 2677 741 2740 llexis
762 2678 884 2755 genibus
905 2678 1055 2740 decantet:
1090 2678 1129 2738 Et
1152 2677 1231 2737 omni
1256 2676 1303 2738 die
1326 2677 1353 2737 si

82 2782 102 2816 e
120 2784 155 2826 ¹⁹·
246 2778 334 2853 velit,
364 2784 395 2840 ei
420 2781 445 2842 si
474 2779 621 2842 abstinere
648 2797 704 2838 nnn
731 2778 814 2852 vult,
842 2777 955 2842 reliciat
976 2796 1008 2839 se
1029 2778 1066 2840 ad
1091 2780 1205 2838 sextam
1231 2775 1352 2850 heram,

247 2881 301 2942 nisi
317 2877 340 2960 ²)
362 2883 483 2959 quarta,
512 2883 595 2941 sexta
620 2876 728 2957 jejunet
754 2878 791 2939 ad
816 2895 941 2939 nenamz
974 2878 1013 2939 Et
1039 2877 1057 2940 d
1086 2895 1190 2947 carne,
1219 2879 1249 2936 el
1274 2876 1352 2951 sagi-

245 2980 343 3054 mine,
364 2982 393 3039 el
412 2980 481 3042 sino
499 2983 593 3040 tolum
614 2997 747 3040 mensem
769 2996 802 3039 se
822 2977 976 3040 abstineat.
1006 2977 1105 3040 Alium
1124 2979 1224 3038 auleur
1242 2974 1351 3048 cibum,

246 3083 402 3158 postquam
424 3078 553 3158 psalmes
577 3078 758 3157 supradiclcs
781 3078 996 3153 decantaverit,
1024 3080 1131 3141 sumal.
1167 3078 1228 3139 lslo
1248 3073 1352 3136 urdine

246 3181 326 3242 tolus
346 3179 395 3240 ille
416 3195 511 3240 annus
531 3178 717 3240 redimendus
737 3181 794 3241 eal.

693 3496 847 3549 carmus.
866 3495 900 3548 V.

245 3616 286 3668 ue
307 3616 360 3668 illis
383 3616 429 3680 qui
452 3615 568 3678 ieiunare
590 3577 642 3668 nen
665 3622 787 3680 pessunt,
812 3621 838 3666 el
859 3614 992 3672 nesciunt,
1017 3613 1147 3676 quemodo
1164 3611 1350 3676 paenitentiam

270 3705 349 3756 unius
368 3706 444 3763 anni,
463 3717 541 3768 quem
556 3706 675 3768 ieiunare
693 3693 801 3763 debenl,
819 3704 846 3756 in
864 3717 930 3769 pane
948 3711 973 3756 el
991 3716 1057 3767 aqua
1073 3700 1199 3755 redimere
1217 3703 1325 3767 possint·

97 3835 234 3892 Boebeia·
308 3821 368 3898 Qui
393 3824 466 3886 serd
493 3825 621 3904 psalmos
647 3842 703 3886 non
732 3823 830 3897 novit,
860 3828 891 3885 et
915 3821 1045 3902 jejunare
1070 3839 1127 3884 non
1154 3823 1266 3901 polest,
1295 3839 1350 3901 pro

82 3901 233 4012 ‘'affim,
245 3941 304 3986 uno
322 3941 400 3987 anno
420 3941 509 4002 quem
531 3926 560 3984 in
581 3941 656 4006 pane
676 3929 706 3985 el
726 3942 802 4002 aqua
819 3921 953 4002 jejunare
974 3921 1077 3994 debet,
1099 3923 1150 3984 det
1170 3921 1350 4002 pauperibus

81 4029 101 4061 θ’
118 4031 154 4062 ²⁰*
245 4024 275 4086 in
296 4023 513 4104 eleemosynam
533 4025 637 4102 viginti
650 4021 674 4106 ²)
698 4025 772 4086 dues
798 4017 922 4096 solidos,
950 4025 981 4082 el
1005 4037 1107 4084 omnes
1132 4025 1232 4084 scalas
1258 4021 1351 4084 leriae

242 4121 354 4204 jejunet
374 4126 404 4186 in
425 4143 500 4204 pane
518 4127 549 4184 et
566 4141 659 4202 aqua,
682 4127 712 4184 et
732 4127 793 4186 tres
814 4123 1068 4202 quadragesimas,
1090 4120 1118 4181 id
1140 4124 1203 4195 est,
1223 4121 1352 4200 quandra-

244 4227 325 4303 ginta
346 4226 410 4288 dies
430 4229 498 4288 ante
519 4223 646 4297 Pascha,
668 4224 859 4303 quadraginta
876 4221 940 4284 dies
958 4224 1028 4286 aula
1046 4220 1236 4286 leslivilalem
1252 4223 1350 4284 sared

299 4445 325 4508 1)
343 4445 427 4498 ruia.

252 4563 257 4572 ·
297 4525 328 4597 2)
345 4528 443 4606 lislam
459 4541 514 4584 sss.
