3094 5100
697 354 769 434 117

179 555 274 616 detur.
310 552 342 616 Si
364 552 393 614 in
414 551 523 626 farina,
544 556 596 616 aut
617 551 646 612 in
667 551 764 630 aliquo
786 551 864 613 sicco
884 551 967 626 cibo,
988 556 1041 614 aut
1061 554 1090 615 in
1111 552 1211 635 pulte,
1233 555 1285 616 aut

179 657 209 714 in
232 654 307 716 lacte
329 652 479 732 coagulato
500 670 567 713 mus
589 651 635 714 vel
657 651 783 715 mustela
803 653 991 714 inveniuntur
1006 654 1134 726 mortui,
1156 652 1233 730 quod
1256 654 1285 712 in

180 754 303 815 circuitu
331 752 394 832 ejus
424 755 485 826 est,
513 756 608 814 totum
636 751 804 834 projicietur
830 750 926 826 loras;
957 753 1032 830 quod
1061 752 1196 814 relictum
1224 753 1286 822 est,

180 853 384 914 manducetur.

611 1110 766 1164 CAPITUL.
784 1110 856 1162 XXI.

445 1233 484 1282 Dc
501 1231 567 1289 illis,
595 1232 640 1295 qui
658 1231 703 1281 diu
720 1233 827 1283 reticent
843 1236 946 1294 peecrtr
965 1242 1019 1280 sua.

243 1356 400 1420 Sciendum
420 1357 492 1421 rerd
512 1362 574 1432 est,
596 1355 738 1437 quantum
759 1358 825 1437 quis
841 1375 930 1436 opere
950 1356 1108 1420 moratur
1099 1375 1128 1416 m
1148 1357 1315 1456 peccatis,
1311 1353 1390 1464 0οξ0600
1377 1352 1448 1399 000·

181 1461 264 1520 tanto
284 1459 377 1535 magis
399 1459 509 1538 agenda
529 1461 575 1520 est
595 1460 779 1539 poenitentia.
1296 1416 1447 1576 :ufficone

603 1739 756 1792 currum.
775 1739 868 1806 xxru

421 1862 458 1909 lle
475 1858 540 1914 illis.
564 1859 608 1921 qui
626 1858 764 1920 aliquem·
756 1870 782 1908 ιιι
801 1859 839 1944 ira
857 1864 1048 1921 percusserunt

245 1985 277 2046 Si
303 1986 371 2062 quis
396 1983 525 2063 aliquem
554 2001 607 2063 per
635 1985 709 2045 iram
737 1985 934 2063 percusserit,
962 1988 993 2044 et
1018 1985 1188 2061 sanguinem
1213 1983 1287 2046 effu·
1314 1985 1394 2039 aaron
1365 1983 1474 2028 Μὶν

185 2085 277 2156 derit,
306 2084 331 2143 si
357 2082 449 2145 laicus
476 2085 537 2150 est,
566 2083 668 2159 viginti
694 2083 756 2144 dies
785 2085 946 2163 poeniteat.
984 2081 1132 2157 Clericus,
1160 2084 1287 2160 triginta.
1299 2043 1385 2098 ²⁵⁴³

184 2183 230 2245 lili
250 2183 365 2254 autem,
394 2183 444 2259 qui
466 2182 589 2258 gradum
611 2181 736 2255 babent,
762 2182 887 2261 amplius
909 2184 969 2261 pati
990 2182 1113 2256 debent,
1140 2183 1289 2246 Diaconos

184 2298 238 2342 sex
262 2297 395 2344 menses:
424 2280 583 2361 Presbyter
609 2299 700 2344 unum
726 2300 854 2345 annum:
891 2281 1054 2363 Episcopus
1080 2282 1153 2344 duos
1180 2297 1295 2357 annos,¹

185 2382 216 2440 et
236 2396 289 2441 sex
309 2395 436 2441 menses.

586 2657 755 2716 'CAPlTUh
774 2661 874 2714 xxm.

381 2785 419 2834 lte
437 2783 502 2842 iilis,
519 2783 564 2846 qui
582 2783 756 2833 truncationes
774 2783 949 2833 membrorum
968 2783 1089 2834 recount.

248 2907 308 2984 Qui
329 2927 382 2990 per
402 2912 497 2972 rixam
518 2909 579 2971 ictu
601 2908 741 2982 debilem,
764 2910 811 2972 vel
831 2908 991 2971 deformem
1010 2909 1158 2971 hominem
1177 2907 1279 2970 iecerit
1281 2907 1395 3020 ,ιοῗο
1382 2905 1453 3020 ⁰12*-

185 3009 316 3072 reddat
308 3027 455 3088 impensas
476 3003 641 3089 medieo²),
662 3012 693 3069 et
713 3008 841 3070 medium
864 3027 972 3070 annum
993 3013 1149 3088 poeniteat.
1178 3008 1210 3071 Si
1231 3027 1289 3070 non
1301 3029 1362 3070 uren
1362 3025 1414 3069 nau

185 3108 322 3172 habuerit
349 3107 426 3168 unde
452 3106 570 3180 reddat,
600 3125 709 3169 anuum
736 3126 827 3169 uuum
856 3110 1013 3189 poeniteat.
1059 3109 1091 3172 Si
1119 3110 1210 3172 laicus
1237 3129 1290 3189 per

186 3207 283 3268 dolum
305 3208 477 3283 sanguinem
499 3205 650 3278 effuderit,
679 3206 782 3268 reddat
807 3207 847 3268 illi
873 3205 986 3271 tantlrm
1014 3213 1156 3286 quantum
1182 3211 1290 3271 nocuit.

185 3308 225 3369 lit
246 3309 271 3369 si
291 3325 347 3367 uon
368 3305 457 3366 babet
475 3306 552 3366 unde
570 3304 686 3378 reddat,
709 3305 803 3366 solvat
819 3309 849 3366 in
864 3326 952 3386 opere
967 3310 1089 3388 proximi
1104 3310 1165 3382 sui,
1186 3326 1291 3385 quum-

187 3407 237 3468 din
258 3406 306 3468 ille
327 3403 471 3466 infirmus.
507 3403 546 3464 Et
574 3406 674 3480 postea
702 3404 894 3481 quadraginta
921 3406 983 3468 dies
1008 3409 1038 3466 in
1062 3425 1137 3485 pane
1160 3410 1191 3467 et
1213 3403 1290 3486 aqud

187 3508 341 3586 poeniteat.

604 3756 759 3811 currunt.
778 3759 878 3811 xxiv.

655 3881 694 3930 be
720 3878 820 3931 codem.

252 4010 312 4087 Qui
338 4012 429 4072 ictum
458 4006 590 4084 proximo
616 4001 745 4078 dederit,
775 4009 805 4066 et
832 4023 889 4066 non
915 4009 1062 4082 nocuerit,
1091 4013 1152 4072 tres
1176 4009 1238 4073 dies
1262 4013 1291 4074 in

189 4112 264 4197 pane
286 4116 316 4174 ot
336 4105 414 4188 aqud
436 4107 591 4184 poeniteat.
633 4103 664 4165 Si
686 4103 816 4166 Clericus
836 4125 961 4181 annum,
991 4108 1037 4170 vel
1057 4110 1221 4172 dimidium.
1262 4112 1293 4174 Si

190 4216 257 4294 quis
284 4210 371 4277 alicui
399 4203 548 4284 quodlibet
573 4203 741 4266 membrum
766 4205 916 4269 voluntate
935 4205 990 4270 sul
1010 4211 1207 4284 truncaverit,
1233 4213 1294 4272 tres

194 4345 487 4376 ..---·-··-

244 4419 271 4501 1)
289 4435 425 4498 impensas
449 4427 477 4478 in
499 4424 615 4478 medicos
638 4419 746 4488 tribuat,
771 4436 796 4480 et
819 4431 935 4483 maculae
957 4433 1069 4496 pretium
1093 4441 1118 4486 et
1141 4445 1206 4498 opus
1226 4435 1294 4498 elus,

294 4522 376 4573 nonen
393 4520 512 4574 muna.
530 4512 662 4575 restituat,
682 4523 707 4568 et
724 4515 864 4570 dimidium
881 4527 1046 4574 annum-cta.
