3108 5098
703 345 752 421 89

181 546 271 608 closis
296 542 454 616 catholico,
483 542 672 621 quoadusque
700 559 753 623 per
782 540 988 603 contessionem
1013 542 1049 602 od
1070 543 1278 621 poenitentiam

179 647 282 706 redcat
293 641 327 726 ¹).

346 827 516 884 mlx·
553 829 598 880 ml
619 828 842 882 NEGLEGETlA
860 826 1111 882 Eucflnulsrrm.

244 951 272 1018 §.
296 947 324 1007 1.
351 943 384 1005 Si
412 947 479 1022 quis
505 945 712 1010 eucharistum
734 946 931 1025 neglegentiae
951 963 1040 1010 causa
1061 945 1232 1027 perdiderit,
1255 943 1278 1008 1.

181 1063 306 1116 annum,
328 1045 376 1110 vel
400 1043 450 1106 lll.
473 1045 588 1118 XL···,
621 1064 674 1108 seu
696 1047 761 1132 XL.
784 1048 862 1121 dies,
884 1049 1039 1125 poeniteat.
1083 1049 1112 1118 §-
1128 1044 1158 1106 2.
1180 1045 1211 1107 Si
1231 1063 1279 1112 sn·

179 1145 322 1207 orificium
350 1147 379 1205 in
407 1149 486 1208 terra
514 1146 671 1219 ceciderit,
700 1163 787 1208 causo
815 1147 1030 1224 neglegentiae,
1060 1146 1094 1208 L.
1106 1145 1129 1221 ²)
1151 1146 1279 1225 psalmos

178 1249 285 1307 contet.
330 1247 359 1316 s.
382 1245 409 1306 3.
433 1241 492 1317 Qui
513 1259 569 1305 non
591 1245 666 1306 bene
687 1246 857 1308 custodierit
878 1245 1068 1318 sucrificium,
1092 1249 1121 1306 ct
1142 1261 1209 1306 mus
1230 1261 1279 1306 co·

177 1345 304 1406 mederit
326 1344 410 1416 illud,
433 1345 498 1406 XL.
521 1346 583 1406 dics
605 1349 759 1424 poenitent.
804 1351 833 1419 ς.
855 1345 883 1406 d.
911 1345 969 1420 Qui
991 1351 1089 1410 autern
1112 1346 1278 1425 perdiderit,

179 1448 210 1505 et
231 1463 286 1505 non
307 1447 458 1506 inventum
486 1444 590 1518 fuerit,
621 1446 692 1508 XX.
715 1448 776 1508 dies
797 1450 951 1528 poenitent.
996 1451 1024 1519 §.
1047 1447 1075 1508 5.
1103 1447 1160 1522 Qui
1182 1445 1279 1522 negle-

177 1546 255 1605 xerit
276 1544 469 1616 sucrificium,
491 1550 524 1606 nt
544 1565 661 1609 vermes
682 1549 710 1609 in
734 1567 767 1609 eo
790 1549 867 1623 sint,
893 1551 943 1609 eut
964 1548 1090 1608 colorem
1112 1565 1167 1608 non
1190 1545 1279 1606 habet

178 1662 388 1725 saporemque,
420 1644 490 1705 XX.
512 1646 559 1708 vel
580 1646 683 1709 XXX.
705 1649 752 1712 vel
782 1649 846 1709 XL.
875 1649 976 1710 diebus
1005 1649 1168 1728 poenitent,
1198 1649 1228 1706 ct
1249 1645 1278 1706 in

177 1747 244 1824 igne
265 1745 441 1825 projiciatur,
464 1748 603 1824 cynisque
626 1746 688 1824 ejus
710 1749 765 1809 sub
786 1749 878 1808 altere
899 1748 1100 1811 abscondatur.
1144 1750 1172 1817 §.
1195 1747 1223 1806 6.
1247 1743 1278 1806 Sl

177 1846 315 1906 ceciderit
343 1845 516 1906 sucrificium
545 1847 581 1906 de
608 1847 743 1910 munibus
768 1848 917 1908 offerentis
939 1851 1017 1907 terre
1039 1850 1141 1916 tenus,
1173 1853 1202 1904 et
1223 1861 1279 1903 non

178 1946 360 2016 inveniatur,
390 1961 476 2005 omne
497 1945 689 2024 quodcunque
710 1949 860 2008 inventum
883 1947 971 2009 luerit
991 1949 1020 2007 in
1042 1946 1104 2006 loco
1125 1962 1183 2021 quo
1204 1945 1280 2004 ceci-

176 2045 252 2104 derit
277 2043 465 2107 oomburutur
493 2045 570 2121 igni,
600 2050 629 2105 et
657 2051 739 2125 eynis
761 2047 823 2126 ejus
846 2047 899 2108 snb
920 2046 1013 2110 ultore
1034 2039 1279 2122 abscondatur³);

177 2141 312 2203 sacerdos
333 2143 435 2203 deinde
458 2143 553 2204 medio
574 2145 765 2224 dampnetur!
806 2145 837 2206 Si
860 2163 931 2208 vero
952 2145 1103 2207 inventum
1125 2144 1212 2206 luerit
1233 2159 1280 2203 sn·

177 2242 339 2315 orificium,
368 2243 449 2304 locus
471 2263 558 2324 scopu
579 2245 750 2317 mundetur,
781 2248 810 2306 et
831 2227 958 2309 stramen
987 2247 1045 2323 igni
1074 2244 1279 2314 comburetur,

178 2339 335 2420 cynisque,
356 2346 389 2404 ut
410 2343 608 2421 supradictum
632 2349 696 2418 est,
718 2345 928 2419 abscondetur3
957 2345 1093 2407 sacerdos
1114 2362 1185 2406 vero
1208 2341 1278 2402 XX.

177 2441 239 2502 dies
267 2444 421 2521 poenitent.
465 2442 496 2503 Si
517 2462 612 2521 usque
635 2445 669 2504 ed
692 2445 784 2506 altare
805 2447 919 2508 tantum
943 2445 1056 2525 lapsum
1080 2431 1183 2514 luerit,
1213 2439 1281 2501 XV.

177 2539 240 2601 dios
261 2544 415 2618 poeniteat.
459 2547 487 2615 §.
508 2543 536 2605 7.
559 2543 591 2605 Si
613 2544 648 2604 de
670 2544 760 2606 colice
782 2562 833 2624 per
854 2545 1065 2620 neglegentiam
1088 2541 1195 2619 aliquid
1218 2539 1280 2600 stil-

178 2637 282 2703 laverit
304 2643 332 2700 in
360 2635 457 2715 terra}
487 2643 582 2720 lingue
604 2643 769 2716 lambetur,
798 2645 936 2721 terreque
957 2643 1086 2704 rodatur.
1129 2640 1161 2702 Si
1180 2637 1280 2702 tabula

178 2737 281 2811 luerit,
311 2739 358 2801 vel
380 2745 480 2819 petru,
510 2741 560 2803 ubi
582 2741 734 2814 ceciderit,
764 2742 898 2803 similiter
917 2743 1055 2816 radatur,
1085 2745 1115 2801 et
1135 2739 1213 2818 quod
1233 2757 1281 2799 rn-

178 2855 245 2900 sum
267 2837 356 2899 luerit
376 2841 434 2916 igni
457 2844 606 2913 sumatur,
636 2845 681 2913 et,
706 2845 741 2902 ut
761 2843 960 2922 supradictum
982 2845 1044 2914 est,
1066 2837 1279 2924 abscondatur3

179 2937 315 2999 sacerdos
343 2957 430 3012 uero,
459 2940 494 2999 L.
516 2941 578 3001 dies
607 2943 762 3018 poeniteat.
807 2945 835 3012 s.
857 2940 887 3002 8.
916 2941 947 3002 Si
969 2959 1058 3021 super
1078 2941 1170 3004 altare
1190 2937 1280 2999 stillo·

178 3039 256 3099 uerit
277 3037 371 3111 culix,
393 3039 509 3100 sorbent
531 3040 663 3100 minister
683 3040 809 3112 stillam,
837 3045 956 3119 tresque
977 3041 1040 3101 dies
1061 3040 1216 3118 poenitent.
1249 3035 1281 3098 Si

179 3151 270 3216 super
294 3137 436 3198 lintheum
459 3139 647 3217 pervenitad
669 3139 763 3212 uliud,
786 3139 850 3201 Vll.
871 3140 933 3202 dies
955 3142 1117 3220 poeniteat3
1139 3141 1163 3200 si
1185 3155 1280 3217 usque

179 3237 217 3297 ud
238 3238 360 3297 tercium
383 3239 530 3316 pervenit,
552 3237 608 3298 lX.
630 3239 692 3298 dics
714 3241 877 3317 poeniteat;
900 3241 924 3300 si
945 3258 1040 3318 usque
1061 3238 1097 3301 ud
1119 3237 1211 3323 llll„
1226 3235 1279 3297 XI.

179 3335 384 3399 Linthesmino
404 3355 493 3407 vero,
521 3354 597 3413 quoe
619 3338 748 3414 tetigerit
768 3337 861 3411 stilla,
882 3338 975 3400 tribus
995 3339 1110 3401 uicibus
1131 3339 1286 3434 ravantum

180 3489 507 3503 h

252 3555 277 3641 l)
298 3579 388 3630 Gracci
413 3585 437 3628 et
455 3580 565 3630 Romani
589 3579 651 3631 dent
671 3575 753 3630 ¹servis
777 3580 832 3630 suis
855 3581 1022 3637 vestimento,
1048 3584 1073 3629 et
1091 3579 1206 3630 laborent
1224 3579 1281 3629 siue

182 3665 316 3716 Dominico
336 3667 385 3722 die.
421 3669 575 3718 Graecorum
600 3669 719 3718 monachi
743 3680 830 3718 servos
847 3681 897 3717 non
916 3667 1022 3722 hebent,
1049 3665 1167 3716 monachi
1185 3667 1280 3716 Romn-

108 3739 113 3743 ’
181 3764 273 3802 norum
291 3751 393 3802 hubent.
430 3755 459 3804 ln
484 3753 527 3804 illo
546 3754 587 3803 die
606 3760 664 3805 ento
681 3755 770 3804 Notnle
788 3754 892 3804 Domini
910 3753 972 3804 liora
991 3765 1057 3804 nonn
1077 3753 1174 3814 explete
1191 3751 1280 3806 nisse.

182 3838 208 3887 ld
234 3846 272 3888 est
294 3839 379 3900 vigilie
404 3841 521 3896 Domini,
550 3841 705 3892 manducent
728 3841 853 3903 Romoni3
882 3841 973 3892 Gracci
1000 3851 1058 3889 vcro
1085 3840 1152 3892 dictu
1176 3851 1281 3903 vespere

182 3925 262 3974 misso
280 3931 395 3975 coenent.
435 3927 471 3976 Do
488 3934 560 3989 poste
577 3925 740 3976 mortalitatis
757 3927 848 3978 Gracci
866 3934 890 3976 ct
908 3925 1019 3977 Romani
1038 3926 1132 3984 dicunt,
1152 3927 1223 3989 ipsos
1234 3927 1281 3985 ¹in-

182 4011 272 4062 firmos
296 4013 398 4062 visitare
416 4012 524 4071 dobere,
553 4015 620 4064 sicut
638 4013 765 4064 Dominus
786 4013 915 4076 praecipit.
952 4015 1043 4065 Graeci
1061 4026 1151 4065 cernes
1168 4013 1280 4065 mortici-

183 4109 275 4148 norum
293 4110 344 4148 non
363 4099 424 4149 dont
441 4100 541 4162 porcis,
561 4102 641 4164 pelles
659 4107 744 4150 tumen
764 4099 797 4149 od
816 4100 1001 4158 calceamenta,
1021 4107 1045 4150 et
1064 4103 1162 4160 lenem,
1183 4107 1207 4152 et
1225 4112 1280 4151 cor-

183 4197 235 4236 nun
259 4186 372 4248 occipere
396 4187 454 4237 licet
474 4200 525 4237 non
544 4187 576 4237 ed
594 4187 698 4249 aliquod
716 4192 842 4236 sunctum.
877 4187 1020 4237 Leucorum
1039 4189 1173 4250 copitisin
1191 4187 1280 4237 Domi·

183 4273 255 4329 nica,
282 4279 308 4324 ct
329 4270 355 4323 in
380 4274 463 4324 lixivio
488 4273 565 4336 pedes
588 4273 672 4324 levore
690 4273 764 4336 licet3
792 4272 838 4323 sed
857 4274 1014 4326 consuetudo
1033 4276 1209 4328 Romanorum
1226 4285 1279 4325 non

184 4366 224 4410 cst
240 4359 303 4410 lineo
320 4359 411 4410 levatio
429 4361 533 4423 pedum.
551 4360 579 4410 Ρ.
597 4361 630 4423 Q.
648 4359 707 4410 cdd.

253 4445 280 4506 2)
299 4447 353 4498 Xl..
371 4449 401 4497 Ρ.

254 4533 280 4596 8)
300 4533 349 4585 llle
366 4534 482 4586 medium
500 4546 596 4588 cunum
613 4533 748 4600 poenitent.
767 4532 796 4584 P.
