3094 5100
694 359 765 436 lot

176 550 258 630 Π)
281 552 379 612 ethis
401 555 521 628 similia,
544 573 619 633 quae
640 575 813 620 enumerare
835 558 951 636 longum
973 561 1033 633 est,
1057 577 1122 621 ease
1142 560 1276 634 voluerit,

177 653 219 714 lll
240 670 329 714 annos
351 654 481 731 peniteat
497 652 560 738 ¹⁰⁰).

648 849 801 919 XXVlll.

621 999 659 1048 lte
683 998 829 1061 cupiditate.

237 1138 310 1196 ltem
333 1137 357 1196 si
381 1139 447 1212 quis
469 1137 624 1216 eupiditate
645 1139 692 1200 ael
714 1141 834 1202 avaritia
856 1142 907 1200 aut
927 1139 1060 1202 ebriosus
1081 1139 1225 1219 superbus
1245 1144 1276 1200 et

174 1235 221 1296 his
242 1236 362 1308 similia',
385 1255 457 1315 qnae
478 1255 642 1298 enumerare
664 1240 779 1317 tanqam
799 1248 855 1312 eet,
877 1249 909 1299 ut
930 1257 1021 1318 snpra
1036 1239 1099 1320 ¹⁰¹).

633 1482 635 1486 ·
663 1448 784 1518 XXIX.
812 1469 814 1474 ’

599 1596 637 1643 lle
662 1594 845 1644 immolatione.
893 1619 895 1624 ·

237 1731 293 1807 Qui
317 1735 446 1797 immolat
467 1735 659 1798 daemonibus
681 1738 709 1796 in
732 1740 860 1812 magnis,
887 1741 912 1796 si
934 1739 961 1796 in
984 1737 1191 1799 consuetudine
1213 1739 1274 1808 est,

175 1835 205 1896 X
227 1853 317 1894 annos
338 1838 474 1914 peniteat.
511 1832 570 1909 Qui
592 1838 619 1895 in
641 1837 769 1896 minimis
790 1835 803 1896 l
825 1855 943 1898 annum.

672 2044 776 2114 XXX.

457 2193 496 2240 De
518 2191 630 2253 auguriis
649 2190 688 2240 vel
707 2191 918 2242 divinationibus
936 2191 989 2254 ¹⁰²).

235 2334 292 2409 Qui
314 2337 450 2413 angurias
470 2335 517 2396 vel
540 2335 731 2399 divinationes
752 2338 934 2414 perpetrant,
954 2335 984 2395 'V
1004 2352 1094 2395 annos
1115 2336 1273 2412 peniteant.

172 2436 336 2496 Emissores
360 2453 431 2495 vero
453 2438 658 2514 tempestatem
682 2436 735 2496 Vll
763 2453 870 2507 annos,
899 2434 1005 2494 mulier
1024 2438 1057 2494 si
1084 2434 1273 2496 divinationes

172 2535 218 2595 vel
248 2536 456 2596 incantationes
484 2533 640 2595 diabolicas
669 2534 787 2605 lecerit,
827 2535 837 2593 Ι
865 2552 973 2595 annum
1000 2534 1129 2611 peniteat
1155 2535 1202 2595 vel
1231 2535 1271 2595 lll

172 2634 408 2715 quadragesimas
428 2633 475 2693 vel
498 2633 688 2709 quadraginta
710 2633 772 2693 dics
788 2630 871 2710 juxta
894 2632 1062 2709 qualitatem
1084 2632 1169 2710 culpe
1191 2635 1273 2710 peni-

69 2755 71 2760 ’
172 2737 240 2793 teat.
275 2733 408 2807 Auguria
429 2731 482 2791 vel
498 2737 607 2803 sortes,
637 2751 695 2811 qne
716 2733 850 2793 dicuntur
870 2731 942 2794 lalsa
964 2737 1130 2794 sanctorum
1155 2734 1203 2794 vel
1228 2733 1272 2793 di-

171 2834 347 2902 vinationes,
370 2833 420 2908 qui
442 2849 491 2893 eas
512 2831 713 2894 observaverit
734 2831 787 2914 vel
804 2849 1043 2909 quarumcunque
1061 2835 1271 2911 scripturarum

171 2933 348 3009 inspectione
378 2934 550 3009 promittunt
580 2932 627 2992 vel
658 2935 759 2992 votum
787 2933 902 2994 voverit
932 2932 968 2994 ad
997 2930 1131 2992 arborem
1159 2932 1206 2993 vel
1234 2933 1270 2996 ad

171 3030 329 3108 quamlibet
349 3049 449 3092 rernm
471 3035 593 3110 excepto
616 3029 654 3092 ad
675 3031 844 3104 ecclesiam,
874 3031 899 3091 si
926 3032 1022 3092 clerici
1051 3033 1097 3094 rel
1123 3031 1189 3092 laici
1217 3032 1272 3106 hoc

170 3128 295 3202 iaciunt,
328 3132 618 3192 excommunicentur
645 3129 681 3193 ab
712 3119 853 3201 ecclesia,
883 3130 930 3192 vel
958 3131 1082 3193 clericus
1111 3131 1160 3192 lll'
1181 3149 1271 3192 annos

170 3231 313 3307 peniteat,
341 3229 433 3291 laicus
455 3231 482 3291 ll
503 3231 549 3291 vel
573 3231 584 3291 l
609 3227 638 3290 et
660 3233 758 3293 semis.
794 3231 859 3292 Noli
881 3248 1035 3305 exercere,
1063 3230 1177 3309 quando
1203 3231 1271 3294 luna

169 3329 355 3402 obscuratur,
387 3335 419 3391 ut
449 3328 623 3391 elamoribus
652 3313 714 3391 suis
742 3349 777 3392 ac
806 3330 957 3392 maleficiis
986 3330 1125 3408 sacrilego
1154 3349 1210 3393 usu
1239 3348 1271 3391 se

170 3429 325 3488 defendere
346 3447 431 3507 posse
453 3429 610 3490 confidunt.
724 3426 726 3430 ’
1001 3437 1003 3442 ’
1132 3439 1134 3444 ’

233 3527 349 3589 Caraios
376 3532 405 3589 et
432 3529 544 3588 divinos
572 3531 789 3606 precantatores
817 3527 985 3605 philacteria
1013 3531 1102 3589 etiam
1130 3527 1270 3589 diabolica

171 3631 199 3688 et
220 3626 325 3688 herbas
347 3632 399 3688 aut
419 3629 597 3689 succinosius
618 3630 665 3689 vel
687 3628 741 3688 sibi
763 3628 931 3708 impendere
952 3628 999 3692 vel
1022 3628 1048 3688 V
1073 3627 1146 3691 lerla
1167 3629 1195 3687 in
1217 3627 1270 3688 ho-

169 3745 239 3787 nore
266 3729 339 3788 iovis
367 3744 418 3788 sen
446 3725 586 3790 Kalendis
614 3729 736 3790 ianuarii
764 3728 925 3789 seeundum
954 3729 1123 3806 paganicam
1150 3745 1269 3789 causam

169 3827 311 3888 honorare
334 3846 369 3888 ac
392 3828 486 3888 colore
508 3827 623 3900 volent,
651 3830 675 3888 si
697 3829 820 3890 clericos
842 3831 904 3901 est,
922 3828 959 3887 'V
976 3845 1087 3912 tannes,
1115 3829 1141 3887 si
1161 3827 1268 3904 laicus,

169 3927 211 3988 Ill
234 3944 334 3990 annos.

222 4175 265 4246 90)
286 4184 420 4238 coditi
441 4183 529 4234 addit:
553 4185 687 4247 episeopus
706 4186 729 4236 V
748 4187 786 4236 vel
806 4187 842 4237 Vl
860 4185 1025 4265 ebdomadas..

205 4272 265 4332 100)
286 4272 315 4320 ln
335 4272 423 4321 codiee
442 4268 491 4321 101
513 4273 605 4321 desunt
623 4279 714 4323 cetera.
1183 4325 1186 4330 Α

204 4359 265 4420 lot)
285 4358 346 4409 cod.
372 4359 422 4410 151
451 4369 517 4421 quae
541 4371 690 4410 enumerare
716 4360 820 4424 longam
844 4373 901 4412 esse
925 4361 1033 4413 voluerit
1055 4361 1095 4413 lll
1119 4373 1200 4413 annos
1223 4373 1267 4425 pe·

285 4445 371 4494 niteat

203 4525 268 4597 102)
286 4530 354 4592 Cod„
366 4531 417 4582 101
437 4530 614 4586 divinationes
