3094 5100
813 300 885 378 158

819 499 876 571 lll.

656 645 696 704 Ite
712 652 853 704 menstruis
865 649 1040 703 =abstfnentlls

297 819 300 826 ⁴
356 789 390 850 ln
425 792 558 882 tempore
592 780 663 852 vero
694 788 837 850 menstrui
871 786 1020 864 mannis
1051 784 1254 848 abstinentes
1282 785 1331 849 ria·
1361 783 1399 850 ab

296 907 394 958 uxore.
433 889 509 952 Nam
529 891 581 970 qui
597 892 671 951 tuuc
691 889 842 969 nupserit,
870 886 940 950 dum
961 887 1010 950 illa
1029 885 1087 950 hoc
1102 885 1232 966 petitu,
1258 885 1315 954 XL
1335 884 1425 982 (lies

295 990 434 1084 peniteat.
662 1073 664 1076 .
882 1047 883 1050 ,
1283 1020 1286 1028 v

658 1100 660 1104 ’
706 1097 708 1104 ’
808 1131 883 1201 vrr.

583 1281 621 1332 ue
638 1278 679 1332 llis
697 1280 742 1344 qul
761 1277 951 1333 ‹lie'duruinino
969 1279 1112 1344 nupserint.

316 1495 318 1502 Ι
357 1416 416 1491 Qui
436 1417 578 1478 dominico
600 1415 646 1478 die
667 1435 702 1480 ac
723 1419 808 1478 nocte
829 1416 958 1498 nupserit
971 1413 1024 1499 ⁸⁸),
1047 1415 1102 1479 Vll
1123 1413 1186 1479 dies
1207 1417 1345 1498 peniteat.

692 1589 696 1596 ¹
792 1601 885 1672 vlll.

645 1753 683 1804 ue
700 1751 742 1803 his
759 1753 804 1816 qui
820 1759 888 1803 retro
907 1753 1048 1816 nupserint.

359 1888 390 1951 Si
412 1890 478 1966 quis
501 1906 568 1950 curn
590 1883 735 1968 uxue⁸⁷)
759 1905 812 1950 sua
833 1891 912 1950 retro
933 1889 1082 1969 nupserit,
1111 1887 1166 1951 XL
1187 1889 1249 1951 dies
1270 1890 1399 1968 peniteat

292 1990 374 2071 priua
398 1990 423 2049 si
447 1990 476 2048 iu
501 1991 585 2066 terga
609 1988 757 2067 nupserit,
783 1991 845 2047 tres
870 2005 961 2048 annos
985 1989 1129 2068 peniteat,
1156 1989 1225 2065 qula
1250 1989 1399 2059 sodomiti-

295 2109 363 2152 cum
390 2088 487 2168 scelus
515 2091 569 2148 est.
618 2087 680 2148 viri
709 2088 785 2148 inter
816 2086 927 2149 femora
960 2087 1136 2150 fornicantes
1165 2107 1275 2151 annum
1306 2107 1398 2152 unum

271 2190 450 2269 ,peniteant
496 2186 529 2249 Si
557 2188 683 2262 iterans,
711 2205 802 2250 annos
830 2188 874 2262 ΙΙ,
902 2189 927 2250 si
953 2189 982 2248 iu
1013 2185 1174 2272 iopcm⁶⁸J
1203 2189 1397 2264 imminetur,

293 2307 383 2351 annos
404 2288 447 2350 lll
468 2289 612 2368 peniteat3
634 2289 660 2348 sl
681 2288 764 2368 pueri
785 2290 872 2361 sunt,
893 2285 976 2368 11⁶⁹)
997 2290 1155 2367 peniteant

354 2391 407 2451 Vir
428 2390 453 2450 si
473 2407 541 2450 cum
562 2387 685 2449 muliere
706 2405 759 2451 sua
780 2391 860 2450 retro
878 2391 1026 2469 nupserit,
1047 2391 1176 2470 peniteat
1195 2391 1340 2469 quomo&
1360 2392 1396 2453 ale

292 2486 485 2564 animalibus,
512 2488 540 2549 id
563 2491 624 2561 est,
652 2487 727 2549 sinat
750 2488 928 2551 consuetude
949 2493 1013 2552 erat
1034 2491 1078 2552 sic
1101 2489 1245 2564 nubendi,
1265 2491 1322 2553 Vll
1343 2510 1395 2556 au·

290 2589 344 2652 noa
364 2590 502 2670 peniteat.
538 2585 598 2662 Qui
622 2588 698 2648 luter
717 2586 829 2651 femora
844 2587 1064 2662 fornicaveriut,
1087 2590 1129 2654 lll
1146 2591 1394 2670 quadragesimas.

290 2689 322 2752 Si
350 2688 489 2772 parvulus
518 2689 547 2750 ri
576 2705 735 2768 oppressus
763 2687 832 2751 talia
860 2689 985 2769 patitur,
1020 2688 1076 2752 XL
1103 2690 1166 2754 dior
1191 2693 1322 2772 peniteat
1345 2692 1393 2758 rel

291 2790 418 2871 psalmos
439 2789 486 2855 rel
508 2789 685 2851 nouimtia
705 2790 872 2868 castigetur.

809 2975 866 3046 lx.

671 3124 710 3175 ne
728 3123 846 3174 machina
864 3124 1011 3176 mulierum.

288 3319 293 3326 .
353 3262 462 3328 Mulier
491 3261 687 3342 qualicunque
716 3260 865 3324 molimine
894 3264 946 3328 aut
973 3281 1005 3326 se
1033 3217 1097 3346 ipsa
1125 3268 1177 3328 aut
1204 3283 1273 3330 ouur
1301 3267 1393 3338 altera
1474 3337 1481 3352 ¹

288 3364 491 3437 fornicaverit,
518 3360 561 3424 lll
586 3380 676 3426 annos
702 3363 839 3444 peniteat.
875 3362 906 3425 Si
932 3364 1158 3427 sanctimonialis
1186 3363 1294 3431 femina
1324 3387 1392 3450 cum

288 3464 501 3530 sannimoniali
522 3481 574 3544 per
594 3462 762 3528 machinam
783 3461 959 3540 fornicatur,
981 3465 1036 3528 Vll
1058 3484 1149 3530 aunoe
1170 3469 1309 3549 peniteat.

818 3647 860 3722 Χ.

735 3799 775 3852 lte
796 3795 940 3852 minuitis.

350 3933 410 4012 Qui
429 3936 625 4010 fornicantur,
645 3938 723 3998 sicut
743 3935 900 4012 sodomita,
924 3938 1043 4017 quidam
1064 3936 1268 4018 judicaverunt
1288 3941 1319 4006 X
1339 3961 1391 4006 an·

287 4057 358 4114 nos,
386 4037 415 4100 id
442 4041 503 4112 est,
533 4038 583 4117 qui
609 4054 697 4119 saepe
723 4035 826 4100 iecerit
852 4039 899 4104 vel
925 4040 955 4100 in
979 4039 1070 4120 gradu
1097 4045 1159 4117 est,
1187 4041 1307 4124 quidam
1332 4043 1389 4108 vll

339 4247 383 4311 fi)
403 4247 466 4303 cod.
484 4247 535 4300 flii
556 4246 697 4310 nupserint.

338 4337 383 4400 nl)
402 4335 466 4388 (lod.
483 4334 536 4386 1³1
555 4333 675 4400 ,uxorei
694 4333 774 4388 deest.

324 4424 384 4487 nel
404 4421 467 4475 Coi.
486 4421 536 4474 aia
555 4427 633 4485 terga.

340 4512 384 4576 ii)
403 4509 467 4566 cad.
485 4507 536 4564 fit
554 4509 590 4564 ll.
609 4520 698 4564 annos.
