3094 5100
783 331 856 410 168

759 531 880 601 XXXL
996 585 998 592 Α

747 679 785 729 lto
821 678 894 729 lurto.
970 747 973 752 1

336 812 368 875 Si
390 813 455 890 quis
476 811 587 873 lurtum
609 811 732 889 capitale
753 813 947 886 commiserit,
976 813 1004 873 id
1031 817 1076 874 est
1100 813 1298 894 quadrupedia
1325 814 1377 875 rel

272 915 372 975 domos
393 912 558 988 ellregerit,
585 911 610 970 si
631 909 722 970 laicus
744 914 805 982 est,
833 911 847 971 l
875 929 983 973 annum
1010 898 1145 991 peniteat
1164 914 1211 975 rel
1240 915 1375 992 precium

272 1012 373 1073 reddat
389 1007 439 1091 ¹⁰³)
467 1010 514 1072 rel
543 1009 686 1087 quomodo
714 1008 848 1070 sacerdos
872 1007 1062 1087 judicaverit,
1094 1015 1144 1089 qui
1173 1031 1242 1091 sepe
1270 1013 1377 1075 lecerit

271 1111 402 1182 tomum,
425 1109 478 1169 Vll
500 1125 589 1168 annos
610 1109 754 1185 peniteat,
774 1108 821 1169 vel
843 1109 986 1184 quomodo
1007 1110 1141 1172 sacerdos
1157 1111 1300 1189 iudicarit
1319 1131 1376 1191 pro

272 1210 385 1272 modico
405 1207 485 1269 lurtu
507 1209 536 1267 iu
555 1207 618 1269 XX
639 1225 780 1268 annorum
802 1210 879 1270 etate
901 1209 964 1270 XX
984 1209 1047 1271 dies
1068 1212 1205 1289 peniteat.
1232 1211 1320 1276 Pueri
1341 1212 1376 1274 X

272 1326 415 1371 annorum
436 1308 563 1385 aliquem
583 1306 694 1369 lurtum
717 1306 855 1368 iacientes
877 1308 929 1369 Vll
952 1308 1015 1370 dies
1036 1310 1193 1388 peniteant.

753 1491 890 1560 XXXII.

709 1638 776 1688 Item
802 1638 834 1688 de
861 1639 938 1689 ltrrtu.

337 1773 411 1832 item
433 1773 458 1832 si
479 1771 585 1848 aliquis
608 1772 644 1832 de
665 1772 826 1834 ministerio
848 1773 988 1834 ecclesiae
1009 1774 1055 1835 vel
1078 1774 1279 1854 qualecunque
1299 1794 1377 1855 opus

273 1871 401 1950 quolibet
428 1873 513 1932 modo
534 1871 728 1944 fraudaverit,
759 1871 807 1932 vel
836 1873 1001 1948 negaverit,
1033 1873 1087 1934 Vll
1114 1891 1203 1935 anuos
1230 1876 1375 1954 peniteat,

273 1972 298 2033 si
329 1972 421 2031 laicus
453 1972 551 2048 aliqua
586 1974 755 2032 consecrata
789 1970 931 2033 iuraverit
963 1973 1025 2033 siue
1061 1972 1234 2053 pinguedine
1268 1977 1297 2034 et
1331 1975 1376 2035 sic

273 2071 477 2132 communicet.

745 2230 900 2297 XXXIII.

676 2380 714 2427 lte
732 2378 797 2429 lalsu
816 2375 971 2428 testimonio.

336 2511 394 2586 Qui
427 2511 534 2574 lalsum
568 2513 766 2574 testimonium
798 2516 897 2574 contra
929 2513 1057 2592 aliquem
1089 2513 1194 2574 dixerit
1226 2513 1377 2576 hominem

271 2610 354 2690 juxta
374 2612 493 2673 modum
514 2612 598 2692 culpe
620 2614 766 2690 peniteat,
791 2613 841 2689 qui
862 2611 944 2673 lratri
966 2630 1034 2675 cum
1054 2611 1152 2674 lurore
1174 2613 1377 2689 maledixerit,

273 2711 493 2785 reconcilietur,
514 2714 563 2773 cui
583 2711 780 2785 maledixerit,
803 2714 833 2771 et
855 2710 911 2774 Vll
933 2711 994 2773 dies
1015 2713 1153 2792 peniteat.

748 2896 899 2966 XXXlV.

385 3045 423 3095 De
442 3043 597 3095 detractione
615 3057 665 3107 que
683 3044 711 3093 lit
730 3056 807 3095 causa
825 3043 918 3095 invidle
938 3051 963 3094 et
981 3045 1013 3094 tte
1030 3045 1083 3095 rixa
1103 3045 1261 3095 clericorum.

338 3175 397 3250 Qui
419 3195 471 3255 per
491 3176 618 3256 aliquam
637 3195 755 3239 causam
773 3178 900 3240 detrahit
916 3179 1026 3240 homiui
1042 3176 1093 3262 ¹⁰⁴)
1118 3180 1164 3244 vel
1183 3180 1261 3243 lavet
1279 3181 1379 3246 detra·

273 3275 372 3348 henli,
402 3276 445 3338 lll
472 3275 535 3336 dies
556 3278 699 3355 peniteat,
727 3278 752 3337 si
779 3281 878 3340 autem
906 3280 933 3338 ei
960 3281 1138 3340 consenserit
1164 3283 1216 3358 qui
1243 3284 1377 3361 praeest,

275 3376 330 3437 Vll
358 3375 420 3437 dies
446 3378 589 3455 peniteat,
619 3377 643 3436 si
670 3378 735 3454 quis
761 3380 855 3439 rixam
880 3377 982 3440 lecerit
1006 3379 1179 3440 clericorum
1202 3385 1254 3444 aut
1275 3399 1380 3443 meua-

274 3474 396 3538 chorum
417 3475 583 3538 reconciliet
606 3492 640 3536 se
660 3494 728 3536 cum
750 3477 808 3549 eis,
837 3495 911 3556 quos
936 3477 1018 3552 lesit,
1047 3477 1236 3543 ebdomadam
1262 3482 1378 3543 dierum

274 3575 410 3653 peniteat.

757 3733 891 3804 XXXV.

592 3882 630 3932 lte
648 3849 750 3945 liquore·
764 3882 791 3932 iu
809 3894 860 3945 quc
878 3894 938 3932 mus
957 3884 1054 3934 cecidit

336 4016 405 4079 Mus
432 4017 457 4078 si
485 4017 622 4078 ceciderit
650 4018 679 4076 in
709 4016 870 4094 liquorem,
904 4017 1023 4080 tollatur
1050 4019 1118 4081 inde
1147 4023 1177 4080 et
1204 4024 1380 4100 aspergatur

274 4135 350 4196 aqua
372 4115 523 4177 benedicta
545 4120 575 4178 et
596 4120 738 4179 sumatur.
777 4115 809 4177 Si
829 4135 900 4180 vero
921 4121 1036 4182 mortua
1058 4118 1146 4180 luerit
1167 4121 1300 4196 inventa,
1324 4120 1381 4182 ab·

327 4326 388 4389 1⁰8)
408 4324 472 4374 cod.
493 4324 543 4376 1t1
571 4323 594 4374 sl
613 4334 663 4376 nou
681 4324 758 4376 hauet
775 4327 844 4378 uude
861 4327 967 4378 reddere
985 4327 1081 4390 possit,
1106 4328 1129 4382 11
1150 4329 1378 4392 erumpentem,

408 4411 432 4462 sl
450 4411 572 4471 majorem
592 4411 678 4460 lecerit
697 4411 792 4462 lurtum
812 4412 852 4464 111
870 4425 952 4464 annos
970 4416 1082 4476 peniteat
1099 4416 1137 4467 vel
1156 4417 1284 4480 quomodo
1303 4423 1352 4467 etr„

328 4493 388 4558 lot)
409 4496 472 4549 cod.
491 4495 540 4547 stt
560 4496 606 4559 qul
623 4509 669 4561 pro
688 4509 765 4548 trusa
783 4499 878 4552 lnrldle
896 4500 1005 4552 detrahit
1021 4501 1161 4558 nomem.
