3094 5100
716 333 787 409 137

195 528 253 591 Vll
282 541 376 590 anuos
402 531 530 609 peniteat
558 532 611 592 aut
637 529 714 611 plus.
742 563 784 578 -
829 529 921 594 Servo
948 531 995 594 dei
1022 533 1189 600 nullatenus
1213 535 1301 598 liceat

193 646 342 710 pugnare,
363 630 418 690 niai
439 629 598 692 multorum
619 633 658 692 sit
679 630 830 695 consilium
851 649 1006 696 serrorum
1026 633 1082 696 dei.

258 727 289 790 Si
309 727 452 808 jnraverit
472 732 539 809 quis
560 732 589 791 in
610 749 698 795 mann
719 730 863 805 bominis,
891 733 968 812 apud
994 733 1120 798 Graecos
1147 735 1217 796 nihil
1244 731 1355 798 ostili

193 829 226 892 Si
247 847 319 894 vero
336 828 480 908 jnraverit
501 832 531 892 in
552 848 641 893 manu
663 833 806 912 episcopi,
834 834 886 894 aut
907 834 1073 914 presbyteri
1093 839 1146 900 aut
1169 835 1299 910 diaconi,

194 947 250 992 seu
271 931 301 991 in
322 931 432 1005 altare,
454 934 485 993 et
505 933 646 994 mentitus
667 935 729 1006 est,
751 933 793 995 lll
816 950 906 996 annos
928 937 1065 1014 peniteat.

255 1029 314 1105 Qui
343 1031 474 1094 immolat
502 1031 692 1094 daemonibus
721 1032 868 1106 minimis,
900 1051 991 1096 unum
1018 1053 1127 1100 annum
1154 1035 1297 1116 peniteat,
1311 1032 1353 1096 98

191 1132 243 1212 qui
265 1134 295 1193 in
315 1135 429 1210 magnis
447 1132 636 1194 daemonibus
654 1129 803 1206 immolat,
825 1133 857 1194 X
873 1152 965 1196 annes
985 1137 1140 1215 poeniteat.
1164 1169 1205 1182 -
1238 1133 1297 1209 Qui

191 1234 288 1312 posuit
315 1231 404 1296 liliam
432 1251 516 1296 suam
544 1233 651 1294 mulier
678 1251 768 1313 super
795 1236 904 1296 tectum
931 1237 1163 1312 perennitatem
1192 1234 1297 1311 lebrls,

190 1333 240 1398 rel
267 1335 296 1393 in
323 1333 541 1396 fornicationem
564 1335 645 1412 ponit
665 1336 696 1393 et
716 1333 780 1396 nult
800 1351 904 1397 sanare
925 1353 1008 1406 eam,
1036 1335 1065 1398 V
1085 1354 1176 1398 annos
1198 1337 1298 1415 poeni·

188 1437 261 1496 teat.
294 1433 435 1496 Similiter
456 1435 499 1496 sic
518 1434 662 1514 peniteat,
685 1435 736 1511 qui
756 1433 859 1497 ardere
881 1433 949 1496 lacit
969 1436 1145 1512 grana-uhi
1166 1439 1298 1502 manuos

189 1533 359 1606 estrbomo,
381 1537 411 1594 et
427 1535 582 1596 sanitatem
600 1534 763 1597 viventium
781 1536 811 1594 et
829 1533 946 1607 domae,
969 1534 995 1595 V
1015 1535 1106 1598 annos
1127 1537 1265 1614 peniteat.
1285 1569 1288 1576 ‹

251 1633 282 1697 Si
312 1635 460 1698 coematur
490 1637 536 1696 est
564 1633 720 1714 presbyter
750 1651 803 1712 per
832 1633 1009 1696 desiderium
1033 1635 1197 1708 leminam,
1234 1635 1296 1698 XX
1309 1631 1351 1694 09

99 1787 103 1791 .
186 1732 270 1809 dies,
300 1735 325 1795 si
350 1752 451 1796 semen
477 1753 531 1814 per
550 1733 683 1796 osculum
705 1735 812 1808 mittit,
842 1733 898 1794 XL
925 1733 987 1796 dies
1012 1737 1148 1814 peniteat
1186 1733 1218 1796 Si
1242 1755 1296 1816 per

189 1836 395 1913 cogitationem
415 1834 570 1916 presbyter
591 1852 693 1896 semen
715 1833 824 1906 luadit,
853 1832 1013 1899 ebdomada
1038 1831 1186 1912 jejunent,
1215 1838 1246 1896 et
1269 1837 1296 1898 ai

187 1937 281 2014 tangit
308 1953 399 1998 manu
426 1953 495 1997 cnm
520 1953 628 2010 manu,
653 1935 697 1996 lll
724 1934 901 1997 ebdomadas
927 1937 1064 2014 peniteat.
1092 1967 1134 1980 -
1173 1935 1294 2015 Siquis

185 2053 258 2116 sepe
279 2055 333 2116 per
352 2035 521 2099 violentiam
538 2035 719 2112 cogitationis
737 2053 838 2097 semen
859 2034 970 2107 lundit,
992 2035 1055 2096 XX
1074 2034 1136 2097 dies
1155 2039 1293 2115 peniteat.

185 2136 218 2199 Si
246 2155 348 2199 semen
370 2137 510 2199 excitarit
532 2136 731 2216 primariae,
760 2135 822 2198 XX
851 2135 914 2197 dies
941 2137 1085 2215 peniteat,
1115 2139 1141 2198 si
1166 2137 1294 2201 secunda

186 2237 244 2300 XL
265 2237 344 2311 dies,
366 2239 391 2299 si
413 2236 495 2318 plue,
517 2236 640 2300 addatur
658 2233 776 2314 jejunia.

250 2337 280 2400 Sl
302 2339 370 2417 quis
392 2336 547 2419 presbyter
568 2340 620 2398 aut
640 2337 778 2401 diaconus
803 2337 885 2401 duxit
908 2355 1030 2400 uxorem
1055 2339 1234 2412 extraniam,
1263 2337 1292 2397 in
1307 2330 1369 2394 100

185 2440 394 2501 conscientiam
415 2439 514 2519 populi
536 2437 703 2516 deponatur.
742 2436 774 2498 Si
800 2437 976 2500 adulterium
1003 2429 1199 2516 perpertravit
1224 2455 1292 2500 cum

186 2539 250 2613 illa,
276 2541 306 2600 in
326 2539 503 2601 conscientia
525 2538 642 2601 devenit
661 2537 759 2619 populi
781 2538 812 2597 et
833 2537 990 2614 proiciatur
1017 2540 1099 2599 extra
1120 2537 1292 2611 ecclesiam,

186 2644 215 2701 et
235 2641 363 2719 peniteat
384 2640 461 2700 inter
481 2638 587 2709 laicos,
609 2637 749 2714 quamdiu
769 2637 886 2698 vixerit.

248 2739 280 2802 Si
301 2738 457 2819 presbyter
477 2741 529 2802 aut
547 2737 686 2802 diambus
705 2755 758 2816 per
776 2736 948 2801 ebrictatem
966 2739 1110 2802 remitum
1128 2736 1213 2808 lacit,
1236 2735 1290 2800 XL
1308 2731 1367 2792 1⁰1

184 2839 248 2901 dies
262 2841 409 2919 peniteat3
430 2839 455 2900 si
474 2837 653 2909 monachus,
675 2836 770 2898 XXX
787 2836 850 2898 dies
865 2839 1001 2916 peniteat.
1034 2837 1067 2899 Si
1084 2836 1178 2900 laieue
1197 2835 1291 2899 fidelis

184 2957 238 3022 per
258 2939 431 3001 ebrietatem
451 2940 595 3001 vomitum
616 2937 703 3011 lacit,
725 2937 784 2999 XV
805 2937 867 2997 dies
888 2939 1024 3016 peniteat.

248 3038 282 3102 Si
302 3039 457 3120 presbyter
477 3041 529 3101 aut
549 3038 686 3102 diaconus
707 3037 755 3101 vel
776 3037 935 3099 monachus
957 3056 1010 3117 pro
1031 3036 1216 3113 infirmitate,
1238 3042 1291 3102 aut
1301 3030 1367 3095 *102

184 3142 272 3220 longo
299 3145 431 3220 tempore
459 3157 492 3204 se
519 3138 710 3214 abstinuerit,
741 3139 770 3198 in
798 3138 1038 3201 consuetudinem
1068 3158 1124 3201 aon
1154 3143 1217 3202 erat
1241 3144 1289 3215 ei,

183 3243 310 3305 multum
330 3241 431 3303 bibere
452 3243 503 3304 aut
524 3239 719 3310 manducare,
741 3240 771 3296 et
788 3256 841 3317 per
859 3239 998 3314 gaudium
1018 3240 1047 3299 in
1065 3238 1154 3302 natali
1171 3239 1289 3316 domini,

184 3347 236 3408 aut
257 3345 286 3403 in
308 3341 432 3423 pascha,
454 3342 505 3402 aut
526 3357 579 3418 pre
599 3338 721 3401 alicuius
739 3339 906 3399 sanetmum
923 3341 1200 3401 commemoratione
1218 3339 1291 3402 laci·

187 3441 271 3517 ebat,
298 3446 329 3503 et
350 3445 448 3503 umen
469 3439 536 3520 plus
559 3439 679 3516 accipit,
707 3453 797 3514 quam
825 3435 976 3498 decretum
1005 3441 1051 3498 est
1079 3457 1098 3499 a
1126 3438 1290 3501 senioribus

185 3545 263 3618 suis,
284 3541 357 3602 nibil
378 3542 494 3616 nocuit;
521 3540 546 3601 si
568 3537 695 3619 episcopi
713 3533 840 3614 juberit,
863 3553 919 3596 non
941 3539 1040 3598 nocuit
1061 3536 1124 3610 illo,
1149 3538 1204 3597 nisi
1226 3539 1290 3616 ipse

184 3643 319 3704 similiter
339 3641 437 3704 iaciat.

245 3744 430 3807 Paenitentes
451 3759 508 3802 uon
530 3735 637 3799 debent
658 3736 817 3800 secundum
839 3753 964 3800 canones
985 3737 1200 3798 communicare
1221 3736 1365 3802 ante103

185 3845 431 3908 consummatione
453 3841 638 3920 penitentiae.
672 3837 857 3900 Theodorum
878 3841 976 3899 autem
999 3855 1059 3917 per·
1072 3837 1289 3903 misericordiae

184 3949 250 4027 post
270 3965 379 4010 annum
399 3942 447 4006 vel
470 3944 536 4020 post
556 3958 607 4001 sex
629 3957 747 4000 menses
767 3937 915 4000 licentiam
937 3937 1006 3998 dare
1024 3935 1120 4014 jussit.

246 4046 291 4108 De
311 4044 499 4126 penitentiam
520 4040 617 4121 puelle
638 4042 668 4100 et
689 4038 776 4114 yidue
798 4056 856 4102 una
878 4042 939 4111 est,
961 4038 1070 4118 majore
1091 4041 1215 4113 meruit,
1236 4038 1288 4118 qui
1303 4037 1364 4103 1011

183 4150 281 4213 airum
302 4145 410 4219 habiit,
432 4145 458 4204 si
478 4141 677 4204 fornicationis
698 4141 809 4200 crimen
831 4138 951 4213 babuit,
973 4138 1153 4202 admiserit

245 4247 387 4311 blulieres
413 4245 565 4306 menstruo
590 4243 723 4321 tempore
751 4256 808 4298 non
831 4239 919 4299 intret
941 4239 970 4298 in
993 4237 1164 4310 eeclesiam,
1192 4255 1287 4317 neque
1301 4240 1363 4305 105

185 4348 397 4421 communicet,
424 4362 478 4406 nec
500 4339 737 4406 sanctimoniales
761 4357 815 4401 nec
839 4339 924 4413 laici;
951 4356 1022 4413 nec,
1050 4339 1076 4400 si
1103 4340 1287 4416 praesumat,

184 4449 228 4514 lll
249 4446 425 4512 ebdomadas
445 4443 583 4524 peniteat.
