3094 5100
686 375 757 454 135

230 572 340 635 Mulier
364 577 427 635 ner
454 589 571 636 meum
599 571 708 636 debent
736 573 886 638 abstinere
912 593 931 638 a
957 577 1021 638 niro
1050 593 1123 650 cun,
1158 573 1325 653 qumodo'it

167 677 307 752 concepta
328 676 390 748 est,
411 679 570 754 antequam
591 677 694 754 pariat.

231 772 262 834 Si
289 773 400 837 licitum
426 778 488 848 est,
517 773 633 852 quando
653 772 761 836 debent
783 791 903 853 parare,
930 779 1088 854 antequam
1112 774 1329 838 communi-'12

165 889 252 947 carc,
274 891 328 952 per
347 875 444 938 omnin
467 874 579 938 licitum
600 877 655 936 est.

230 971 261 1035 Si
279 975 326 1036 vir
344 974 486 1036 dimiserit
503 994 624 1037 uxorem
640 980 758 1055 pmpter
773 976 1008 1052 fornicationem,
1029 979 1054 1039 si
1069 978 1164 1057 prima
1177 977 1274 1050 tuerit,
1287 975 1328 1036 73

166 1073 280 1136 licitum
303 1076 364 1149 est,
386 1079 419 1137 ut
440 1076 528 1139 aliam
549 1077 673 1154 accipiat
693 1095 832 1150 uxorem3
854 1076 901 1140 ilia
922 1094 1009 1150 vero,
1031 1079 1057 1138 si
1078 1078 1203 1142 voluerit
1224 1096 1276 1158 pe·

167 1177 262 1236 nitere
284 1179 404 1254 pecnnia
426 1193 496 1251 sua,
519 1181 584 1256 post
605 1176 734 1254 quinque
755 1194 846 1239 annos
867 1175 956 1238 alium
978 1179 1075 1240 virum
1096 1180 1227 1257 accipiat.

230 1275 338 1338 Mulier
361 1276 387 1337 si
408 1275 463 1338 tuit
484 1280 573 1355 nupta
596 1295 664 1338 cum
686 1295 743 1338 uno
764 1278 828 1338 viro
849 1279 879 1338 et
899 1280 1003 1343 votum
1023 1277 1127 1341 iecerit
1147 1279 1218 1352 deo,
1245 1271 1329 1338 etit

167 1381 236 1462 post
257 1381 383 1438 mortem
404 1395 460 1438 non
483 1378 539 1440 riri
561 1375 642 1454 ejus,
669 1395 724 1438 non
746 1378 884 1457 acciperit
905 1378 995 1439 alium
1015 1381 1130 1452 virum,
1159 1381 1276 1458 etpost

166 1482 287 1555 tempus
308 1480 441 1539 mortuns
462 1481 507 1540 est
528 1478 574 1540 vir
596 1480 626 1537 et
646 1479 751 1555 accipit
772 1477 880 1550 alium,
903 1481 933 1538 et
954 1482 1020 1556 post
1040 1479 1164 1540 undeoin
1185 1496 1276 1542 annon

168 1595 310 1640 conversa
332 1580 378 1638 esi
398 1581 466 1640 vota
488 1595 541 1640 sna
563 1578 678 1656 quando
699 1575 825 1641 vovebat
847 1595 914 1638 cum
935 1579 999 1640 viro
1021 1577 1091 1651 alio,
1114 1582 1144 1640 et
1162 1579 1278 1642 nolebat

165 1680 269 1741 rivere
297 1695 365 1739 cum
394 1677 461 1750 itio,
491 1680 522 1740 et
548 1678 642 1740 notuit
668 1677 789 1758 implero
818 1681 885 1741 vota
915 1696 986 1750 sua,
1016 1679 1214 1755 respondens,
1244 1683 1277 1740 ut

167 1781 248 1839 essct
270 1779 298 1837 in
321 1780 465 1855 potestate
486 1777 542 1839 viri
564 1775 644 1855 ejus,
667 1779 692 1838 si
713 1777 864 1857 impleret,
885 1796 921 1840 an
946 1795 1018 1850 n0n;
1039 1781 1070 1838 et
1089 1778 1205 1842 licentia
1226 1777 1278 1841 de-

168 1878 211 1938 dit
232 1881 263 1938 ct
283 1877 373 1939 nubat
395 1896 464 1939 cum
485 1877 534 1939 iilo
555 1879 619 1938 viro
640 1896 711 1951 suo,
737 1882 832 1958 potest
856 1879 957 1940 autem
983 1876 1057 1940 alter
1080 1877 1136 1940 aiio
1160 1877 1277 1942 licentia

168 1978 239 2041 dare
260 1978 400 2054 accedere
422 1982 451 2040 et
473 1979 626 2040 servitium
657 1978 704 2040 dei
730 1979 759 2038 in
786 1978 995 2040 monasterium
1020 1979 1050 2039 et
1071 1977 1128 2040 sibi
1149 1977 1276 2051 nubere,

168 2079 195 2140 si
216 2079 245 2138 in
268 2079 362 2158 primo
383 2077 560 2139 connubium
582 2081 681 2151 erant,
702 2077 862 2140 secuudum
885 2075 1014 2140 Graecos
1034 2080 1133 2140 tamen
1154 2096 1210 2152 non
1231 2082 1278 2144 cet

165 2179 348 2240 canonicum.

231 2277 382 2341 Stantem
404 2279 432 2338 in
456 2277 634 2352 morandum,
662 2277 827 2351 nonlicet,
856 2280 886 2338 et
910 2279 1045 2354 tertium,
1073 2277 1192 2342 virente
1212 2279 1277 2343 viro

166 2377 215 2444 rel
236 2395 367 2440 uxorem.

231 2479 371 2556 Bigamus
395 2479 542 2557 poeniteat
564 2497 657 2542 unum
682 2498 808 2552 annum,
835 2477 877 2540 iv
897 2481 926 2538 et
948 2477 990 2540 v1
1010 2478 1100 2551 feria,
1122 2481 1152 2538 et
1174 2479 1202 2538 in
1224 2473 1331 2568 tri-75⁴

163 2579 224 2642 bns
243 2579 475 2658 quadragesimis
495 2578 639 2640 abstineat
660 2597 693 2640 se
715 2596 732 2641 a
753 2577 905 2651 carnibus,
927 2583 959 2638 et
977 2596 1033 2638 non
1056 2578 1184 2640 dimittat
1203 2597 1277 2640 uxo·

167 2697 250 2752 rem;
279 2683 378 2741 tamen
407 2679 605 2758 dispensatam
634 2679 761 2758 puellam
788 2695 844 2740 non
873 2678 942 2739 licet
970 2678 1140 2757 parentibus
1169 2679 1275 2742 ducere

166 2780 224 2842 alio
243 2780 324 2853 viro,
353 2779 409 2842 nisi
430 2779 479 2840 iila
501 2780 617 2840 omnino
642 2780 776 2852 resistat;
804 2781 902 2842 tamen
930 2779 973 2840 ire
1000 2777 1038 2840 ad
1064 2781 1275 2842 monasterium

166 2878 280 2952 licebit,
302 2881 327 2941 si
348 2879 483 2961 noluerit.

230 2979 408 3060 Presbytero
428 2998 485 3042 non
506 2982 551 3041 est
574 2979 703 3050 licitum,
730 2981 848 3058 peccata
876 2979 1011 3060 episcopo
1034 2979 1176 3060 prodero,
1205 2980 1273 3058 qnia
1287 2970 1328 3036 tt

165 3098 255 3160 nuper
277 3099 345 3142 eum
367 3083 422 3142 est.

229 3180 408 3245 Monachum
434 3181 656 3247 fornicationem
683 3180 822 3253 fornicat,
849 3181 904 3242 Vll
929 3199 1019 3244 annos
1042 3182 1200 3262 poeniteat.
1241 3179 1274 3242 Si
1286 3174 1329 3235 77

166 3298 233 3342 cum
265 3299 356 3342 uxore
387 3282 526 3355 fornicat,
563 3280 622 3342 XV
651 3299 741 3342 annos
769 3283 932 3360 poeniteat,
969 3283 1026 3343 nisi
1053 3282 1101 3344 die
1129 3281 1273 3344 dominico

165 3385 289 3444 tantum.

227 3482 258 3544 si
279 3486 378 3546 autem
400 3484 527 3544 matrem
543 3479 682 3553 fornicat,
705 3479 765 3543 Xll
782 3497 873 3545 annos
889 3481 1051 3561 poeniteat,
1075 3483 1104 3540 et
1122 3497 1272 3558 nunquam
1287 3474 1328 3536 78

164 3585 277 3656 mutet,
298 3585 353 3644 nisi
375 3585 489 3644 tantum
510 3583 539 3641 in
561 3581 608 3642 die
630 3581 790 3643 dominicis.

228 3681 260 3744 si
287 3701 356 3744 eum
382 3682 547 3744 masculum
575 3680 711 3755 fornicat,
744 3683 775 3744 X
801 3681 884 3742 annis
911 3680 1066 3758 poeniteat.
1112 3678 1143 3740 Si
1170 3675 1325 3740 coierit'tti

163 3799 232 3844 cum
254 3783 418 3848 masculum
435 3785 501 3862 post
517 3780 575 3844 XV
594 3801 702 3855 annos,
725 3784 853 3863 peniteat
870 3780 962 3844 XXV
980 3797 1071 3842 annos
1091 3768 1229 3860 peniteat.

225 3883 257 3946 Si
277 3887 330 3962 qui
351 3901 440 3963 saepe
459 3883 564 3944 iecerit
585 3881 821 3956 fornicationem,
848 3883 960 3962 primus
982 3898 1093 3942 cannon
1116 3879 1271 3958 judicavit,
1284 3875 1326 3937 80

163 3986 197 4044 ut
224 3983 257 4046 X
284 4001 374 4048 annos
402 3985 565 4062 poeniteat,
593 3983 755 4047 secundum
781 4001 908 4046 canones
932 3981 986 4044 Vll
1014 3998 1103 4042 annos
1126 3981 1270 4060 peniteat,

163 4083 215 4148 ted
237 4103 290 4162 pro
312 4084 480 4150 infirmitate
501 4085 628 4148 hominis
650 4087 681 4145 et
700 4103 753 4163 per
769 4083 922 4146 consitium
940 4082 1092 4155 dixerunt,
1114 4081 1157 4144 ΙΙΙ
1177 4098 1269 4144 annon

123 4209 128 4218 ’
161 4185 317 4264 poeniteat.

225 4281 373 4358 Quicum
395 4283 547 4362 pecoribus
567 4285 686 4357 coierit,
713 4283 772 4346 XV
796 4301 887 4348 annos
914 4283 1078 4361 poeniteat,
1104 4282 1154 4358 qui
1178 4297 1267 4361 saepe
1280 4276 1320 4338 81

161 4402 231 4451 cum
269 4384 379 4463 pecode
417 4388 469 4450 aut
507 4403 575 4446 cum
613 4383 763 4458 masculo,
816 4382 874 4444 XV
909 4399 1000 4449 annos
1036 4384 1070 4444 ut
1103 4382 1268 4461 poeniteat,

157 4484 309 4564 iudicavit.
