3108 5098
699 331 747 408 dl

172 542 241 586 eum
262 540 407 586 censensu
421 524 595 598 amborum,
618 543 675 588 uon
691 530 864 606 separentur
876 525 924 603 ¹).·
956 533 986 600 §-
1002 525 1053 590 Ἡ.
1074 525 1182 590 tenter
1199 543 1276 605 quaa

171 626 260 686 roret
281 627 313 684 ut
334 627 400 702 post
419 624 531 690 obitum
552 611 608 687 riri
629 623 692 702 ejus
713 643 769 686 non
792 628 915 707 accipiat
937 627 1044 698 aliurn,
1070 631 1186 688 mortuo
1210 626 1275 698 illo',

171 724 399 802 praevaricatrix
420 727 544 804 accipiat
570 725 675 797 alium,
708 729 874 804 iterumque
900 729 1006 805 nupta,
1039 745 1091 806 pro
1115 743 1151 787 eo
1175 730 1276 804 posted

87 837 92 848 ’
171 823 348 902 puerileutia
369 828 466 895 mota,
488 826 513 886 ei
536 825 659 904 implere
679 825 743 888 vult
761 830 829 888 vota
850 843 920 898 aua,
943 829 971 886 in
993 829 1138 906 potestate
1158 829 1207 885 eet
1220 826 1276 888 riri

172 921 255 1001 qus,
277 925 377 986 utrum
401 924 521 1003 impleat
543 943 581 986 an
603 943 669 984 unu.
713 928 741 995 §-
757 925 807 986 22.
829 925 858 986 st
879 927 947 1003 quis
965 927 995 984 in
1016 924 1157 986 saeculari
1173 923 1276 986 habitet

170 1024 273 1086 votum
298 1024 430 1094 voverit,
460 1025 522 1084 siue
546 1042 689 1086 consensu
716 1026 878 1104 aepiscopi,
907 1027 969 1103 ipse
993 1026 1164 1104 aepiscopus
1187 1022 1277 1084 muel

96 1134 99 1143 ·
172 1117 349 1200 potestatem
371 1121 434 1199 ejus
455 1126 556 1184 votum
580 1128 713 1197 mutare,
740 1126 765 1184 ei
787 1124 861 1187 vult.
904 1129 933 1196 ς.
955 1123 1005 1186 23.
1033 1123 1064 1185 Sl
1088 1123 1194 1185 mulier
1217 1123 1277 1184 dis·

172 1219 295 1280 cesserit
315 1238 332 1281 a
352 1221 417 1284 viro
437 1239 506 1291 suo,
533 1222 695 1301 despicient
716 1241 804 1294 euru,
826 1223 929 1284 nolens
949 1227 1098 1284 revertere
1120 1226 1150 1283 et
1171 1239 1277 1283 recon-

172 1319 264 1380 ciliari
284 1321 365 1394 ruo,
386 1323 452 1398 pest
473 1321 510 1382 V.
531 1341 639 1394 annos,
660 1341 729 1384 oum
750 1341 894 1384 consensu
916 1305 1083 1401 aepiscopi,
1105 1323 1168 1402 ipae
1188 1321 1277 1384 aliam
1344 1331 1347 1337 '

172 1420 295 1502 accipiat
316 1438 446 1482 uxorem.
490 1418 522 1480 Si
543 1423 693 1486 continens
715 1439 859 1484 essenon
881 1424 997 1501 poterit,
1020 1423 1183 1484 titanum
1205 1438 1276 1499 poe·

171 1520 280 1590 niteat3
310 1520 395 1594 quia,
420 1518 503 1595 juxta
531 1522 703 1584 sententiam
732 1521 866 1592 Domini,
893 1521 1035 1582 moechus
1063 1519 1276 1598 comprobetur.

172 1623 193 1690 ς
224 1615 274 1678 et.
305 1617 334 1678 Si
365 1615 448 1694 cujus
475 1637 549 1680 uxor
576 1621 604 1678 in
627 1621 826 1697 captivitatem
848 1639 900 1699 per
921 1622 983 1682 rim
1004 1621 1091 1682 ductu
1112 1620 1217 1690 luerit,
1246 1620 1277 1680 et

172 1717 276 1778 redimi
309 1735 363 1778 uun
396 1722 520 1796 poterit,
551 1723 616 1797 poet
643 1738 733 1782 nonos
762 1720 828 1782 vll.
858 1723 952 1799 potest
980 1720 1102 1779 alterum
1134 1720 1278 1796 accipere.¹

175 1819 258 1886 item,
280 1818 306 1876 sl
328 1819 355 1876 in
378 1820 545 1897 captivitate
566 1819 653 1882 ducta
674 1820 772 1888 luerit,
788 1824 817 1878 et
839 1837 959 1898 sperans
976 1819 1053 1895 quod
1068 1817 1156 1878 debet
1176 1835 1277 1880 rever-

172 1921 252 1989 tere,
274 1919 327 1977 vir·
341 1915 405 1995 ejus
423 1918 459 1978 V.
480 1937 571 1980 anuos
593 1924 735 1998 expectet.
780 1917 920 1980 Similiter
941 1921 1038 1979 autem
1061 1922 1092 1976 ct
1113 1917 1229 1986 mulier,
1251 1917 1277 1978 ei

171 2018 236 2076 viro
264 2015 331 2076 talia
361 2019 542 2093 contigerint.
586 2020 617 2080 Si
642 2021 730 2094 igitur
750 2021 795 2078 vir
817 2019 934 2078 iuterim
956 2017 1044 2078 aliam
1067 2017 1183 2078 duxerit
1204 2033 1277 2077 uxo·

171 2134 258 2186 rem,
282 2121 312 2176 et
334 2117 412 2193 prior
433 2119 540 2180 iterum
562 2119 668 2179 mulier
690 2119 726 2178 de
747 2118 916 2196 captivitate
938 2136 1056 2178 reversa
1079 2117 1186 2188 irrerit,
1208 2133 1276 2176 eam

173 2215 312 2294 accipiat,
334 2217 583 2293 posterioremque
604 2217 739 2280 dimittat.
782 2217 921 2278 Similiter
942 2220 1042 2280 autem
1065 2220 1094 2277 et
1116 2216 1178 2287 illa,
1200 2217 1277 2276 siout

172 2315 310 2392 superine
331 2314 465 2388 diximus,
488 2317 514 2376 ai
539 2318 602 2378 viro
622 2317 691 2380 talia
712 2319 895 2394 contigerint,
915 2316 1003 2380 iaciat
1013 2315 1047 2393 ²).
1091 2320 1120 2388 §-
1139 2312 1190 2378 25.
1212 2314 1277 2378 ida·

172 2417 248 2474 ritus
270 2432 326 2474 non
348 2413 435 2474 debet
455 2434 576 2477 uxorem
595 2434 679 2478 suam
695 2417 802 2478 undum
819 2417 928 2479 videre.
950 2420 1001 2488 εδ.
1015 2417 1067 2478 26.
1089 2416 1168 2477 Puer
1181 2433 1276 2492 nsque

172 2515 202 2574 iu
226 2512 293 2574 XV.
314 2531 403 2574 aunon
425 2515 463 2574 sit
486 2515 514 2574 in
537 2518 680 2592 potestate
702 2517 878 2595 patrissui,
908 2518 1007 2594 postea
1028 2515 1156 2591 seipsum
1179 2516 1276 2590 puteat

173 2613 271 2678 lacere
291 2611 477 2685 mumolum,
498 2615 523 2674 ai
545 2614 608 2676 vult
619 2612 653 2694 ³).
697 2617 725 2684 ς.
741 2611 792 2676 tt.
814 2614 915 2676 Puella
933 2625 1003 2675 rerd
1019 2612 1101 2674 xvl.
1116 2612 1163 2675 vel
1179 2613 1275 2674 xvll.

244 2773 269 2836 1)
288 2773 442 2834 Legitimum
468 2773 615 2834 conjugium
639 2773 761 2835 equaliter
785 2773 844 2823 licet
866 2772 892 2823 in
912 2773 954 2822 die
973 2777 998 2822 et
1015 2777 1102 2826 nocte,
1129 2771 1195 2820 siout
1213 2769 1276 2818 scri-

174 2865 246 2921 ptum
266 2866 322 2909 cst:
352 2859 445 2909 «Tuus
471 2865 509 2908 est
532 2858 587 2908 dies
612 2866 637 2909 et
654 2866 698 2908 tua
716 2863 754 2908 est
772 2871 852 2908 noro.
883 2859 917 2928 ¹Si
935 2859 993 2922 quis
1012 2857 1138 2930 dimiserit
1155 2855 1275 2920 gentilem

174 2957 279 2996 uxorem
305 2953 363 3008 post
387 2947 560 3008 baptismum,
588 2945 613 2994 ln
633 2952 757 3008 potestate
774 2946 830 3006 ejus
850 2946 897 2995 erit
916 2956 972 2996 eom
990 2945 1084 2994 trabere
1101 2945 1140 2993 rel
1159 2955 1211 2994 uon
1230 2942 1276 2993 ltu·v

175 3033 242 3084 tere.
278 3031 362 3084 slmill
385 3032 476 3086 modo.
501 3032 524 3081 si
547 3015 605 3094 quis
630 3043 718 3082 eorurn
737 3032 881 3094 baptizatus
900 3032 963 3088 erit,
987 3031 1050 3082 alter
1067 3031 1184 3093 gentilis.
1209 3027 1277 3080 elcut

173 3118 315 3182 Apostolus
334 3119 411 3170 dicit:
433 3119 571 3170 nlntidelis
589 3126 674 3170 nutem
693 3119 716 3170 si
735 3119 843 3170 discedit
861 3119 1000 3170 discedat».
1036 3119 1103 3180 Ergo
1122 3119 1196 3180 errius
1214 3127 1277 3168 uxor

173 3207 286 3259 infidelis
306 3215 330 3256 ct
347 3207 464 3270 gentilis.
485 3215 510 3258 et
527 3219 578 3257 nou
598 3213 682 3270 potest
699 3207 822 3262 convetu,
843 3207 993 3256 dimittetur.
1019 3205 1048 3256 P.
1067 3207 1098 3270 Q.
1118 3206 1178 3256 add.

245 3295 271 3358 2)
297 3295 324 3344 Si
349 3295 421 3356 cujus
444 3305 548 3344 uxorem
573 3293 655 3344 hostis
674 3293 819 3348 abstulerit,
846 3301 871 3343 et
888 3294 943 3356 ipse
962 3306 1018 3344 eam
1037 3293 1144 3356 ndlpisci
1161 3305 1212 3344 non
1231 3306 1277 3356 po-

174 3386 237 3436 test,
258 3381 316 3430 licet
334 3382 409 3430 aliurn
429 3381 530 3429 tolleres
556 3381 649 3430 melius
669 3389 706 3430 est
724 3381 762 3429 sic
780 3381 862 3430 iacere
880 3393 957 3444 quam
976 3379 1103 3430 fornicari.
1139 3380 1276 3430 §illerum

174 3467 313 3529 posthaec
333 3480 396 3517 uror
419 3468 462 3517 illa
481 3467 578 3517 venerit
595 3467 627 3517 ad
646 3467 733 3521 illum.
762 3479 813 3516 non
832 3466 908 3516 debet
926 3467 1019 3529 recipi.
1045 3467 1067 3516 sl
1086 3465 1163 3516 aliam
1183 3466 1277 3529 habet;

167 3553 220 3626 sed
243 3553 287 3603 llln
312 3555 383 3604 tollat
406 3553 486 3603 alium
511 3554 608 3610 virum.
635 3555 656 3603 si
683 3567 763 3604 unum
787 3560 845 3603 ante
868 3553 991 3602 habuerit.
1028 3552 1125 3602 Eadem
1151 3549 1277 3602 sententie

175 3640 207 3690 de
225 3641 306 3691 servis
324 3643 509 3693 tranemauuis.
539 3643 569 3692 lu
587 3642 658 3692 tertia
676 3641 864 3704 propinquitate
886 3640 969 3689 earnis
988 3640 1045 3688 licet
1062 3638 1166 3692 nubere.
1185 3637 1277 3688 eccuni

175 3726 237 3776 dum
257 3729 376 3786 Graecos,
394 3729 461 3778 sicut
477 3729 505 3780 ln
524 3729 578 3791 lege
596 3729 721 3790 scriptum
739 3735 791 3778 est:
810 3727 837 3776 iu
856 3727 952 3789 quinta.
971 3725 1114 3776 seeundum
1129 3725 1277 3788 lionrrrosr

175 3822 261 3866 temen
286 3816 313 3866 iu
336 3816 409 3866 tertia
434 3829 484 3868 uon
503 3818 619 3872 solvunt,
644 3816 666 3866 si
686 3819 745 3879 post
765 3815 860 3870 lactum
878 3814 961 3864 tuerit.
998 3813 1065 3874 Ergo
1082 3812 1108 3862 iu
1127 3811 1216 3874 quinta
1234 3824 1278 3874 ge·

175 3904 306 3953 notatione
324 3903 506 3964 conjugantur.
528 3904 555 3954 lu
574 3910 680 3967 quarte,
698 3904 721 3954 sl
740 3902 835 3954 lut-‘enti
854 3898 963 3956 tuerint.
982 3912 1033 3952 uon
1052 3906 1209 3962 separentur.
1246 3899 1277 3952 ltt

176 3989 247 4040 tertia
266 3998 352 4040 tameo
372 3991 564 4054 propinquitate,
576 4003 628 4044 uun
648 3993 706 4042 licet
724 4001 827 4040 urorum
847 3989 949 4039 alterius
967 3987 1082 4051 accipere
1102 3995 1161 4050 post
1179 3987 1277 4036 obitum

177 4077 240 4138 ejus.
275 4077 417 4140 AEquullter
440 4079 477 4128 vir
496 4079 656 4140 coniungitur
674 4078 700 4128 in
721 4077 882 4127 matrimonio
901 4076 940 4124 his
963 4075 1006 4137 qui
1026 4074 1076 4124 sibi
1095 4071 1277 4136 consanguinei

176 4172 252 4221 suut,
279 4171 304 4214 et
329 4165 414 4216 uxoris
439 4178 501 4215 suec
524 4167 720 4227 consanguineis
746 4171 804 4228 post
830 4171 938 4213 mortem
964 4164 1058 4212 uxoris.
1094 4163 1152 4212 Duo
1175 4169 1278 4223 quoque

176 4253 264 4303 iratres
283 4253 348 4304 duas
369 4265 469 4303 sorores
488 4261 596 4316 possunt
613 4253 723 4314 hubere3
751 4260 776 4302 et
793 4259 863 4316 pater
881 4251 1002 4313 filiusque
1020 4241 1127 4300 matrem
1147 4255 1172 4298 et
1189 4247 1277 4297 ultam.

176 4341 286 4394 Maritus
309 4341 353 4404 qui
380 4325 438 4392 curu
464 4353 542 4394 uxore
559 4352 606 4392 sua
626 4339 771 4399 dormierit,
796 4339 862 4388 lavet
879 4349 908 4388 ae
926 4345 1062 4401 nuteqwu
1080 4338 1157 4390 intret
1174 4335 1201 4386 ln
1219 4345 1277 4384 aee·

178 4430 292 4481 etesium.
311 4429 340 4478 P.
359 4429 390 4491 Q.
409 4429 469 4480 add.

248 4515 276 4581 3)
294 4518 382 4570 Puella
392 4523 478 4567 auteur
488 4517 561 4566 xlll.
571 4527 696 4566 annorum
705 4515 746 4566 sul
756 4513 870 4577 eorporis
878 4518 1029 4576 potetatem
1037 4511 1122 4564 hebet.
1136 4509 1166 4560 P.
1176 4508 1208 4572 Q.
1217 4507 1277 4561 add.
