3094 5100
768 301 840 382 140

174 498 237 563 118
312 504 457 583 Episcopo
478 483 547 564 licet
567 503 596 562 in
616 518 720 580 campo
741 497 928 570 confirmare,
951 499 976 560 si
998 516 1118 560 necesse
1140 501 1188 562 sit.

175 599 236 663 119
310 603 468 683 Presbyter
486 602 615 666 decimas
636 600 707 663 dare
725 619 782 662 nun
801 601 923 677 cogitur.
954 599 1093 660 Decimus
1114 619 1170 660 nun
1192 603 1261 663 suut
1281 601 1357 679 legi-

248 705 320 766 time
341 703 426 778 dare,
448 705 504 765 nisi
526 701 702 782 pauperibus
723 705 752 761 et
772 699 951 778 peregrinis,
973 700 1036 762 sire
1057 699 1124 762 laici
1145 700 1182 765 ad
1200 701 1356 765 ecclesiam

247 803 376 866 tributus
397 803 539 865 ecclesiae
564 805 618 876 sit,
647 803 722 864 sicut
751 800 930 862 cousuetudo
954 800 1121 880 provinciae
1149 805 1195 862 111
1222 804 1356 876 tantum,

247 921 285 964 ne
307 921 451 984 pauperes
473 905 502 963 in
524 903 653 966 decimas
674 903 725 964 aut
746 901 775 960 in
795 899 941 978 aliquibus
960 899 1051 962 rebus
1071 903 1133 965 vim
1153 902 1270 981 patitur.

87 1019 90 1031 ·
174 999 236 1064 120
310 1003 374 1064 Non
397 1006 443 1064 est
463 1001 594 1076 licitum,
621 995 711 1065 missa
733 1000 901 1074 celebrare,
928 1000 978 1078 qui
1000 1019 1056 1062 uon
1076 1001 1202 1065 voluerit
1224 1020 1358 1064 commu-

250 1104 366 1165 nionem
387 1104 520 1182 accipere
539 1120 594 1163 nec
615 1099 785 1183 presbyter,
808 1118 862 1161 nec
883 1100 1030 1163 diaconus.

176 1199 244 1264 121
312 1203 418 1267 Laicus
441 1221 496 1263 non
518 1202 606 1263 debet
627 1204 655 1263 in
677 1201 799 1262 ecclesia
821 1200 974 1261 lectionem
996 1201 1136 1274 recitare,
1165 1197 1358 1279 nee'allelnja

249 1306 384 1375 cantare,
412 1302 463 1364 sed
486 1302 615 1381 psalmus
636 1305 748 1366 tantum
771 1305 801 1372 et
820 1303 1005 1379 responsorio
1027 1302 1089 1362 sine
1110 1301 1234 1380 alleluja.

176 1399 238 1462 122
312 1401 411 1465 Infans
432 1397 564 1463 infirmus
586 1404 616 1461 et
636 1418 766 1480 paganus
784 1401 1003 1462 commendatus
1021 1401 1209 1482 presbytero,
1231 1405 1262 1462 et
1276 1419 1358 1462 mor·

250 1505 316 1563 tuos
337 1501 426 1563 luerit
447 1503 510 1562 sine
531 1500 691 1580 baptismo,
717 1504 748 1560 et
768 1499 923 1579 presbyter
944 1501 1114 1580 deponatur.
1136 1533 1177 1546 —-
1212 1500 1244 1562 Si
1264 1501 1358 1578 negli-

250 1603 349 1682 gentia
370 1605 524 1681 parentum
545 1603 617 1675 erit,
643 1600 656 1661 l
678 1619 785 1663 aunum
808 1601 945 1680 peniteat.

176 1707 238 1771 123
314 1701 412 1764 lnlans
433 1717 486 1781 pro
507 1701 617 1764 inlante
638 1704 734 1780 potest
753 1701 822 1761 dare
842 1701 878 1761 ad
897 1701 1106 1764 monasterium
1125 1700 1198 1774 deo,
1220 1701 1358 1780 quamuis

250 1797 342 1865 alium
363 1802 520 1875 voluisset,
545 1805 645 1862 tamen
666 1801 772 1862 melius
793 1803 838 1861 est
859 1802 960 1862 votum
982 1801 1114 1881 implere.
1242 1809 1245 1818 “

177 1905 238 1970 121
313 1902 385 1963 Non·
398 1901 466 1962 licet
486 1901 597 1963 homini
619 1919 637 1961 a
658 1919 744 1962 servo
766 1918 819 1961 suo
840 1899 994 1961 abstollere
1016 1901 1140 1979 pecunia
1164 1903 1227 1964 siue
1253 1903 1359 1966 volun·

250 2005 329 2076 tate,
357 2019 446 2080 quam
467 2002 516 2062 ille
531 2003 573 2062 de
594 2000 693 2063 labore
714 2019 767 2062 suo
789 2001 956 2078 adquisivit.

176 2106 238 2171 123
313 2102 464 2178 Reliquiae
485 2104 652 2166 sanctorum
674 2102 840 2164 veneranda
860 2103 945 2174 sunt,
967 2102 993 2162 si
1013 2105 1110 2181 potest
1130 2101 1213 2176 lieri,
1234 2106 1268 2163 ut
1289 2120 1360 2163 can·

252 2203 319 2264 111111
340 2202 461 2265 ardeant
483 2221 535 2281 per
557 2202 686 2279 singulos
708 2205 826 2274 noctes,
856 2203 880 2262 si
907 2205 1006 2264 autem
1035 2205 1192 2282 paupertas
1219 2203 1273 2265 loci
1299 2221 1359 2266 nou

250 2305 337 2376 sinit,
358 2319 415 2362 non
437 2306 522 2363 nocet
544 2302 597 2363 eis.
1238 2313 1241 2320 ’

177 2411 238 2476 126
314 2404 442 2465 Pecunia
470 2401 666 2463 ecclesiastica
694 2401 756 2463 sive
783 2400 879 2464 iurata
906 2401 969 2463 sive
995 2405 1096 2481 rapta,
1124 2402 1263 2465 reddatur
1285 2421 1360 2483 qua·

252 2502 387 2584 druplum
409 2504 445 2564 de
466 2504 555 2580 grado
576 2503 698 2582 perdito.
734 2500 916 2565 Paenitentia
938 2501 1034 2564 anima
1056 2503 1139 2566 vivit.
1219 2571 1222 2575 ⁴

177 2612 238 2674 127
313 2604 434 2666 Diacoui
456 2607 579 2683 possunt
600 2603 759 2680 baptizari,
783 2600 852 2662 illud
874 2601 1009 2662 similiter
1029 2602 1181 2677 monachi,
1204 2606 1235 2664 et
1255 2621 1359 2666 omnes

251 2702 350 2765 clerici
372 2703 469 2766 cibum
492 2703 674 2764 benedicere.
1274 2693 1278 2696 ’

177 2809 239 2873 128
314 2804 359 2865 De
392 2804 569 2880 indulgentia
600 2803 745 2864 malorum
776 2802 1002 2878 cogitationum,
1038 2803 1063 2864 si
1095 2822 1183 2882 opere
1215 2822 1272 2865 nun
1303 2805 1360 2866 im·

251 2903 395 2984 pleantur.

177 3008 238 3070 129
314 3003 478 3067 Lavacrum
505 3005 621 3084 capitis.
636 3005 733 3082 potest
760 3020 826 3064 esse
853 3006 884 3064 et
910 3005 939 3064 in
966 3002 1013 3063 die
1041 3003 1185 3066 dominico
1208 3008 1238 3066 et
1262 3004 1360 3068 lexiva

252 3103 343 3183 pedes
363 3104 479 3178 lavare,
502 3109 547 3164 set
568 3103 747 3165 consuetudo
769 3121 824 3162 non
847 3106 892 3164 est
914 3104 1122 3166 Romanorum.

177 3209 240 3274 130
314 3203 439 3265 Basilius
457 3203 615 3281 iudicarit,
644 3203 792 3264 licentiam
814 3223 938 3284 puerum
959 3209 1028 3267 ante
1050 3205 1123 3268 XVI
1144 3223 1250 3280 annos,
1278 3208 1303 3268 si
1325 3225 1360 3269 se

251 3301 401 3366 abstinere
422 3322 478 3364 non
500 3306 646 3382 potuisse,
668 3305 804 3383 quamuis
821 3305 983 3366 monachus
1000 3309 1069 3368 ante
1088 3306 1207 3381 luisset,
1228 3309 1263 3368 ut
1282 3308 1360 3368 inter

254 3403 385 3482 pigamos
407 3407 502 3478 esset,
523 3403 538 3464 1
559 3423 668 3467 aunum
690 3406 829 3483 peniteat.

179 3506 238 3573 131
314 3505 397 3566 Inter
421 3505 538 3568 decreta
563 3506 716 3583 majorum.
751 3505 830 3565 Ante
857 3506 953 3566 natale
980 3505 1104 3579 domini,
1134 3506 1242 3568 domini
1266 3509 1360 3570 uestri

195 3651 200 3658 ,
253 3604 325 3667 Jesu
341 3604 466 3678 Christi,
488 3603 610 3667 Graecis
625 3623 692 3678 era,
713 3604 802 3667 latina
817 3623 893 3666 noua
908 3606 981 3668 hora
997 3608 1103 3669 missas
1118 3606 1315 3670 celebrabunt.

180 3706 242 3772 132
317 3702 504 3784 Quicumque
525 3705 703 3767 dubitauerit
723 3705 760 3766 de
780 3705 942 3785 baptismo,
967 3705 1137 3786 baptizetur.

179 3810 240 3874 133
316 3803 492 3884 Presbyter,
521 3807 547 3866 si
575 3807 758 3885 responsorio
788 3808 969 3880 cantaverit,
1004 3808 1029 3867 is
1058 3807 1094 3868 ad
1122 3808 1244 3872 missam
1274 3825 1360 3870 suam

255 3923 379 3985 cappam
399 3925 456 3967 non
478 3905 577 3979 tollat,
599 3908 625 3966 si
645 3909 746 3968 autem
769 3907 950 3984 evangelium
971 3906 1090 3984 legerit,
1113 3925 1202 3988 super
1222 3925 1360 3970 umerum

254 4008 352 4086 ponat.

180 4110 242 4175 131
317 4105 443 4168 Maritus
470 4107 495 4166 si
522 4120 554 4168 se
583 4108 681 4188 ipsum
709 4107 738 4167 in
765 4106 861 4180 furtu,
890 4112 943 4170 aut
969 4109 998 4168 in
1023 4108 1211 4170 fornicatione
1237 4125 1359 4174 servum

254 4205 373 4280 1111111,
397 4206 505 4268 mulier
524 4205 613 4267 babet
634 4210 812 4283 potestatem
831 4207 957 4270 altemm
977 4211 1110 4289 accipere
1131 4212 1238 4272 virum.

181 4307 243 4372 133
317 4305 443 4368 11111111
472 4309 588 4368 mortua
617 4303 686 4366 licet
715 4308 779 4369 uiro
807 4310 872 4384 post
899 4325 1033 4370 mensem
1062 4309 1185 4372 alteram
1214 4309 1359 4388 accipere.

255 4403 374 4468 11111111
393 4406 458 4468 siro
478 4408 545 4484 post
565 4423 674 4470 cunum
695 4405 765 4468 licet
784 4405 902 4468 mulieri
921 4409 1019 4472 airum
1039 4409 1159 4484 tollere,
1185 4408 1319 4487 bigamus
1343 4407 1357 4472 1

256 4520 366 4566 annum
387 4502 543 4582 poeniteat.
