<?xml version="1.0" encoding="UTF-8"?>
<!DOCTYPE html PUBLIC "-//W3C//DTD XHTML 1.0 Transitional//EN"
    "http://www.w3.org/TR/xhtml1/DTD/xhtml1-transitional.dtd">
<html xmlns="http://www.w3.org/1999/xhtml" xml:lang="en" lang="en">
 <head>
  <title>
</title>
<meta http-equiv="Content-Type" content="text/html;charset=utf-8" />
  <meta name='ocr-system' content='tesseract 3.04.00' />
  <meta name='ocr-capabilities' content='ocr_page ocr_carea ocr_par ocr_line ocrx_word'/>
</head>
<body>
  <div class='ocr_page' id='page_1' title='image "./dielateinischen00kunsgoog_0178.png"; bbox 0 0 3094 5100; ppageno 0'>
   <div class='ocr_carea' id='block_1_1' title="bbox 678 323 873 597">
    <p class='ocr_par' dir='ltr' id='par_1_1' title="bbox 678 323 873 597">
     <span class='ocr_line' id='line_1_1' title="bbox 801 323 873 405; baseline 0 -1"><span class='ocrx_word' id='word_1_1' title='bbox 801 323 873 405; x_wconf 83' lang='lat' dir='ltr'>tet</span> 
     </span>
     <span class='ocr_line' id='line_1_2' title="bbox 678 485 870 597; baseline 0.005 -1"><span class='ocrx_word' id='word_1_2' title='bbox 678 485 679 494; x_wconf 49' lang='lat'>‘</span> <span class='ocrx_word' id='word_1_3' title='bbox 798 527 870 597; x_wconf 86' lang='lat' dir='ltr'>xx.</span> 
     </span>
    </p>
   </div>
   <div class='ocr_carea' id='block_1_2' title="bbox 586 673 1078 736">
    <p class='ocr_par' dir='ltr' id='par_1_2' title="bbox 586 673 1078 736">
     <span class='ocr_line' id='line_1_3' title="bbox 586 673 1078 736; baseline -0.004 -12"><span class='ocrx_word' id='word_1_4' title='bbox 586 674 625 724; x_wconf 80' lang='lat' dir='ltr'>lie</span> <span class='ocrx_word' id='word_1_5' title='bbox 643 673 683 723; x_wconf 85' lang='lat' dir='ltr'>iris</span> <span class='ocrx_word' id='word_1_6' title='bbox 701 673 746 736; x_wconf 82' lang='lat' dir='ltr'>qui</span> <span class='ocrx_word' id='word_1_7' title='bbox 764 673 944 724; x_wconf 81' lang='lat' dir='ltr'>eucharistiam</span> <span class='ocrx_word' id='word_1_8' title='bbox 962 678 1078 723; x_wconf 83' lang='lat' dir='ltr'>vomunt.</span> 
     </span>
    </p>
   </div>
   <div class='ocr_carea' id='block_1_3' title="bbox 276 806 1384 1485">
    <p class='ocr_par' dir='ltr' id='par_1_3' title="bbox 276 806 1384 1485">
     <span class='ocr_line' id='line_1_4' title="bbox 341 806 1383 888; baseline 0.006 -20"><span class='ocrx_word' id='word_1_9' title='bbox 341 807 374 868; x_wconf 89' lang='lat' dir='ltr'>st</span> <span class='ocrx_word' id='word_1_10' title='bbox 395 809 462 884; x_wconf 81' lang='lat' dir='ltr'>quin</span> <span class='ocrx_word' id='word_1_11' title='bbox 481 823 535 888; x_wconf 85' lang='lat' dir='ltr'>per</span> <span class='ocrx_word' id='word_1_12' title='bbox 555 806 727 871; x_wconf 90' lang='lat' dir='ltr'>ebrietatem</span> <span class='ocrx_word' id='word_1_13' title='bbox 749 809 796 870; x_wconf 81' lang='lat' dir='ltr'>rei</span> <span class='ocrx_word' id='word_1_14' title='bbox 816 810 1007 871; x_wconf 74' lang='lat' dir='ltr'><strong>voracitatem</strong></span> <span class='ocrx_word' id='word_1_15' title='bbox 1029 808 1237 872; x_wconf 72' lang='lat' dir='ltr'>eucharistiam</span> <span class='ocrx_word' id='word_1_16' title='bbox 1257 827 1383 874; x_wconf 84' lang='lat' dir='ltr'>eromu-</span> 
     </span>
     <span class='ocr_line' id='line_1_5' title="bbox 280 907 1384 988; baseline 0.004 -20"><span class='ocrx_word' id='word_1_17' title='bbox 280 910 349 976; x_wconf 85' lang='lat' dir='ltr'>erit.</span> <span class='ocrx_word' id='word_1_18' title='bbox 371 908 428 971; x_wconf 83' lang='lat' dir='ltr'>XL</span> <span class='ocrx_word' id='word_1_19' title='bbox 449 909 511 968; x_wconf 81' lang='lat' dir='ltr'>diet</span> <span class='ocrx_word' id='word_1_20' title='bbox 532 909 674 988; x_wconf 79' lang='lat' dir='ltr'>peniteat,</span> <span class='ocrx_word' id='word_1_21' title='bbox 695 907 792 969; x_wconf 92' lang='lat' dir='ltr'>clerici</span> <span class='ocrx_word' id='word_1_22' title='bbox 811 909 859 970; x_wconf 80' lang='lat' dir='ltr'>ret</span> <span class='ocrx_word' id='word_1_23' title='bbox 880 908 1014 970; x_wconf 86' lang='lat' dir='ltr'>monachi</span> <span class='ocrx_word' id='word_1_24' title='bbox 1036 927 1088 970; x_wconf 84' lang='lat' dir='ltr'>seu</span> <span class='ocrx_word' id='word_1_25' title='bbox 1109 909 1221 969; x_wconf 77' lang='lat' dir='ltr'>diamni</span> <span class='ocrx_word' id='word_1_26' title='bbox 1240 909 1297 970; x_wconf 90' lang='lat' dir='ltr'>XL</span> <span class='ocrx_word' id='word_1_27' title='bbox 1317 913 1384 972; x_wconf 84' lang='lat' dir='ltr'>diea</span> 
     </span>
     <span class='ocr_line' id='line_1_6' title="bbox 278 1007 1382 1089; baseline 0.002 -21"><span class='ocrx_word' id='word_1_28' title='bbox 278 1010 442 1088; x_wconf 73' lang='lat' dir='ltr'><strong>peniteant,</strong></span> <span class='ocrx_word' id='word_1_29' title='bbox 475 1007 639 1089; x_wconf 72' lang='lat' dir='ltr'>presbyteri</span> <span class='ocrx_word' id='word_1_30' title='bbox 667 1008 772 1081; x_wconf 91' lang='lat' dir='ltr'>LXX,</span> <span class='ocrx_word' id='word_1_31' title='bbox 809 1011 936 1088; x_wconf 79' lang='lat' dir='ltr'>episcopi</span> <span class='ocrx_word' id='word_1_32' title='bbox 964 1007 1035 1081; x_wconf 84' lang='lat' dir='ltr'>XC,</span> <span class='ocrx_word' id='word_1_33' title='bbox 1069 1011 1094 1069; x_wconf 82' lang='lat' dir='ltr'>ai</span> <span class='ocrx_word' id='word_1_34' title='bbox 1124 1027 1177 1086; x_wconf 87' lang='lat' dir='ltr'>pre</span> <span class='ocrx_word' id='word_1_35' title='bbox 1204 1009 1382 1072; x_wconf 80' lang='lat' dir='ltr'>infirmitatis</span> 
     </span>
     <span class='ocr_line' id='line_1_7' title="bbox 278 1093 1382 1189; baseline 0 -19"><span class='ocrx_word' id='word_1_36' title='bbox 278 1121 365 1171; x_wconf 84' lang='lat' dir='ltr'>censa</span> <span class='ocrx_word' id='word_1_37' title='bbox 387 1093 567 1179; x_wconf 71' lang='lat' dir='ltr'>euomuerit,</span> <span class='ocrx_word' id='word_1_38' title='bbox 596 1108 649 1169; x_wconf 87' lang='lat' dir='ltr'>Vll</span> <span class='ocrx_word' id='word_1_39' title='bbox 672 1109 733 1170; x_wconf 81' lang='lat' dir='ltr'>dieu</span> <span class='ocrx_word' id='word_1_40' title='bbox 755 1111 893 1186; x_wconf 89' lang='lat' dir='ltr'>peniteat.</span> <span class='ocrx_word' id='word_1_41' title='bbox 929 1107 986 1168; x_wconf 91' lang='lat' dir='ltr'>Sed</span> <span class='ocrx_word' id='word_1_42' title='bbox 1014 1110 1038 1168; x_wconf 82' lang='lat' dir='ltr'>ei</span> <span class='ocrx_word' id='word_1_43' title='bbox 1065 1107 1119 1168; x_wconf 89' lang='lat' dir='ltr'>hoc</span> <span class='ocrx_word' id='word_1_44' title='bbox 1146 1107 1217 1169; x_wconf 86' lang='lat' dir='ltr'>lacit</span> <span class='ocrx_word' id='word_1_45' title='bbox 1243 1127 1299 1169; x_wconf 90' lang='lat' dir='ltr'>uon</span> <span class='ocrx_word' id='word_1_46' title='bbox 1327 1127 1382 1189; x_wconf 87' lang='lat' dir='ltr'>pru</span> 
     </span>
     <span class='ocr_line' id='line_1_8' title="bbox 277 1205 1380 1286; baseline 0.002 -19"><span class='ocrx_word' id='word_1_47' title='bbox 277 1205 452 1272; x_wconf 80' lang='lat' dir='ltr'>infirmitatis</span> <span class='ocrx_word' id='word_1_48' title='bbox 473 1225 577 1279; x_wconf 82' lang='lat' dir='ltr'>causa,</span> <span class='ocrx_word' id='word_1_49' title='bbox 598 1212 632 1268; x_wconf 92' lang='lat' dir='ltr'>ut</span> <span class='ocrx_word' id='word_1_50' title='bbox 653 1207 789 1286; x_wconf 73' lang='grc' dir='ltr'>ἀείρεο,</span> <span class='ocrx_word' id='word_1_51' title='bbox 812 1209 861 1284; x_wconf 91' lang='lat' dir='ltr'>qui</span> <span class='ocrx_word' id='word_1_52' title='bbox 880 1207 1054 1268; x_wconf 80' lang='lat' dir='ltr'>sacrificium</span> <span class='ocrx_word' id='word_1_53' title='bbox 1072 1209 1232 1286; x_wconf 86' lang='lat' dir='ltr'>acceperit,</span> <span class='ocrx_word' id='word_1_54' title='bbox 1253 1214 1380 1279; x_wconf 80' lang='lat' dir='ltr'>evomet,</span> 
     </span>
     <span class='ocr_line' id='line_1_9' title="bbox 277 1304 1380 1385; baseline -0.002 -17"><span class='ocrx_word' id='word_1_55' title='bbox 277 1305 331 1368; x_wconf 87' lang='lat' dir='ltr'>Vll</span> <span class='ocrx_word' id='word_1_56' title='bbox 353 1308 415 1370; x_wconf 80' lang='lat' dir='ltr'>diet</span> <span class='ocrx_word' id='word_1_57' title='bbox 437 1310 574 1385; x_wconf 80' lang='lat' dir='ltr'>peniteat.</span> <span class='ocrx_word' id='word_1_58' title='bbox 610 1304 736 1379; x_wconf 87' lang='lat' dir='ltr'>Quidam</span> <span class='ocrx_word' id='word_1_59' title='bbox 755 1305 976 1384; x_wconf 82' lang='lat' dir='ltr'>judicaverunt,</span> <span class='ocrx_word' id='word_1_60' title='bbox 1004 1311 1038 1368; x_wconf 90' lang='lat' dir='ltr'>ut</span> <span class='ocrx_word' id='word_1_61' title='bbox 1062 1307 1232 1385; x_wconf 74' lang='lat' dir='ltr'>psalterium</span> <span class='ocrx_word' id='word_1_62' title='bbox 1258 1312 1380 1366; x_wconf 90' lang='lat' dir='ltr'>caueret</span> 
     </span>
     <span class='ocr_line' id='line_1_10' title="bbox 276 1405 615 1485; baseline -0.003 -18"><span class='ocrx_word' id='word_1_63' title='bbox 276 1424 329 1485; x_wconf 89' lang='lat' dir='ltr'>pro</span> <span class='ocrx_word' id='word_1_64' title='bbox 350 1425 399 1480; x_wconf 82' lang='lat' dir='ltr'>se,</span> <span class='ocrx_word' id='word_1_65' title='bbox 421 1408 539 1484; x_wconf 87' lang='lat' dir='ltr'>quidem</span> <span class='ocrx_word' id='word_1_66' title='bbox 560 1405 615 1466; x_wconf 85' lang='lat' dir='ltr'>bia.</span> 
     </span>
    </p>
   </div>
   <div class='ocr_carea' id='block_1_4' title="bbox 779 1588 868 1658">
    <p class='ocr_par' dir='ltr' id='par_1_4' title="bbox 779 1588 868 1658">
     <span class='ocr_line' id='line_1_11' title="bbox 779 1588 868 1658; baseline 0.011 -1"><span class='ocrx_word' id='word_1_67' title='bbox 779 1588 868 1658; x_wconf 85' lang='lat' dir='ltr'>xxi.</span> 
     </span>
    </p>
   </div>
   <div class='ocr_carea' id='block_1_5' title="bbox 525 1735 1127 1799">
    <p class='ocr_par' dir='ltr' id='par_1_5' title="bbox 525 1735 1127 1799">
     <span class='ocr_line' id='line_1_12' title="bbox 525 1735 1127 1799; baseline -0.005 -12"><span class='ocrx_word' id='word_1_68' title='bbox 525 1737 563 1787; x_wconf 82' lang='lat' dir='ltr'>lie</span> <span class='ocrx_word' id='word_1_69' title='bbox 582 1735 734 1786; x_wconf 77' lang='lat' dir='ltr'>eucharistia</span> <span class='ocrx_word' id='word_1_70' title='bbox 753 1748 798 1799; x_wconf 93' lang='lat' dir='ltr'>per</span> <span class='ocrx_word' id='word_1_71' title='bbox 819 1735 1003 1797; x_wconf 86' lang='lat' dir='ltr'>neglegentiam</span> <span class='ocrx_word' id='word_1_72' title='bbox 1021 1735 1127 1796; x_wconf 81' lang='lat' dir='ltr'>perdita.</span> 
     </span>
    </p>
   </div>
   <div class='ocr_carea' id='block_1_6' title="bbox 270 1869 1377 2544">
    <p class='ocr_par' dir='ltr' id='par_1_6' title="bbox 270 1869 1377 2544">
     <span class='ocr_line' id='line_1_13' title="bbox 334 1869 1375 1950; baseline 0.002 -19"><span class='ocrx_word' id='word_1_73' title='bbox 334 1871 393 1946; x_wconf 84' lang='lat' dir='ltr'>Qui</span> <span class='ocrx_word' id='word_1_74' title='bbox 415 1871 589 1935; x_wconf 74' lang='lat' dir='ltr'>sacrificium</span> <span class='ocrx_word' id='word_1_75' title='bbox 613 1873 676 1950; x_wconf 81' lang='lat' dir='ltr'>ipen</span> <span class='ocrx_word' id='word_1_76' title='bbox 696 1871 759 1942; x_wconf 91' lang='lat' dir='ltr'>die,</span> <span class='ocrx_word' id='word_1_77' title='bbox 788 1887 846 1946; x_wconf 83' lang='lat' dir='ltr'>quo</span> <span class='ocrx_word' id='word_1_78' title='bbox 867 1873 1069 1931; x_wconf 83' lang='lat' dir='ltr'>consecratum</span> <span class='ocrx_word' id='word_1_79' title='bbox 1089 1869 1194 1943; x_wconf 83' lang='lat' dir='ltr'>luerit,</span> <span class='ocrx_word' id='word_1_80' title='bbox 1223 1872 1252 1930; x_wconf 93' lang='lat' dir='ltr'>iu</span> <span class='ocrx_word' id='word_1_81' title='bbox 1277 1873 1375 1948; x_wconf 87' lang='lat' dir='ltr'>ignem</span> 
     </span>
     <span class='ocr_line' id='line_1_14' title="bbox 271 1967 1377 2050; baseline -0.004 -16"><span class='ocrx_word' id='word_1_82' title='bbox 271 1972 318 2034; x_wconf 82' lang='lat' dir='ltr'>tel</span> <span class='ocrx_word' id='word_1_83' title='bbox 342 1974 370 2033; x_wconf 90' lang='lat' dir='ltr'>in</span> <span class='ocrx_word' id='word_1_84' title='bbox 393 1970 501 2033; x_wconf 91' lang='lat' dir='ltr'>ilumen</span> <span class='ocrx_word' id='word_1_85' title='bbox 524 1971 694 2049; x_wconf 80' lang='lat' dir='ltr'>projecerit,</span> <span class='ocrx_word' id='word_1_86' title='bbox 721 1970 742 2031; x_wconf 88' lang='lat' dir='ltr'>C</span> <span class='ocrx_word' id='word_1_87' title='bbox 766 1969 893 2050; x_wconf 78' lang='lat' dir='ltr'>psalmon</span> <span class='ocrx_word' id='word_1_88' title='bbox 915 1973 1022 2031; x_wconf 86' lang='lat' dir='ltr'>cantet.</span> <span class='ocrx_word' id='word_1_89' title='bbox 1061 1967 1091 2028; x_wconf 81' lang='lat' dir='ltr'>st</span> <span class='ocrx_word' id='word_1_90' title='bbox 1113 1987 1199 2030; x_wconf 83' lang='lat' dir='ltr'>canes</span> <span class='ocrx_word' id='word_1_91' title='bbox 1221 1969 1377 2032; x_wconf 89' lang='lat' dir='ltr'>comedunt</span> 
     </span>
     <span class='ocr_line' id='line_1_15' title="bbox 271 2066 1375 2148; baseline -0.002 -16"><span class='ocrx_word' id='word_1_92' title='bbox 271 2069 329 2132; x_wconf 84' lang='lat' dir='ltr'>iaie</span> <span class='ocrx_word' id='word_1_93' title='bbox 350 2072 510 2140; x_wconf 85' lang='lat' dir='ltr'>remitum,</span> <span class='ocrx_word' id='word_1_94' title='bbox 537 2070 562 2129; x_wconf 83' lang='lat' dir='ltr'>ai</span> <span class='ocrx_word' id='word_1_95' title='bbox 585 2070 654 2136; x_wconf 82' lang='lat' dir='ltr'>scit,</span> <span class='ocrx_word' id='word_1_96' title='bbox 681 2066 703 2129; x_wconf 90' lang='lat' dir='ltr'>C</span> <span class='ocrx_word' id='word_1_97' title='bbox 726 2068 790 2129; x_wconf 82' lang='lat' dir='ltr'>dien</span> <span class='ocrx_word' id='word_1_98' title='bbox 812 2071 955 2148; x_wconf 76' lang='lat' dir='ltr'>peniteat,</span> <span class='ocrx_word' id='word_1_99' title='bbox 981 2071 1012 2127; x_wconf 87' lang='lat' dir='ltr'>ei</span> <span class='ocrx_word' id='word_1_100' title='bbox 1033 2071 1058 2128; x_wconf 87' lang='lat' dir='ltr'>si</span> <span class='ocrx_word' id='word_1_101' title='bbox 1079 2087 1134 2128; x_wconf 89' lang='lat' dir='ltr'>non</span> <span class='ocrx_word' id='word_1_102' title='bbox 1155 2071 1225 2136; x_wconf 79' lang='lat' dir='ltr'>ecit,</span> <span class='ocrx_word' id='word_1_103' title='bbox 1251 2069 1280 2130; x_wconf 93' lang='lat' dir='ltr'>X</span> <span class='ocrx_word' id='word_1_104' title='bbox 1302 2069 1375 2130; x_wconf 80' lang='lat' dir='ltr'>dice.</span> 
     </span>
     <span class='ocr_line' id='line_1_16' title="bbox 271 2164 1375 2246; baseline 0 -17"><span class='ocrx_word' id='word_1_105' title='bbox 271 2165 330 2242; x_wconf 83' lang='lat' dir='ltr'>Qui</span> <span class='ocrx_word' id='word_1_106' title='bbox 351 2171 496 2246; x_wconf 90' lang='lat' dir='ltr'>acceperit</span> <span class='ocrx_word' id='word_1_107' title='bbox 516 2167 691 2228; x_wconf 78' lang='lat' dir='ltr'>sacrificium</span> <span class='ocrx_word' id='word_1_108' title='bbox 715 2171 780 2245; x_wconf 91' lang='lat' dir='ltr'>post</span> <span class='ocrx_word' id='word_1_109' title='bbox 800 2167 925 2245; x_wconf 79' lang='lat' dir='ltr'>cybum,</span> <span class='ocrx_word' id='word_1_110' title='bbox 948 2164 1002 2227; x_wconf 89' lang='lat' dir='ltr'>l&#39;ll</span> <span class='ocrx_word' id='word_1_111' title='bbox 1025 2166 1087 2228; x_wconf 79' lang='lat' dir='ltr'>dies</span> <span class='ocrx_word' id='word_1_112' title='bbox 1108 2169 1244 2245; x_wconf 76' lang='lat' dir='ltr'>peniteat¹</span> <span class='ocrx_word' id='word_1_113' title='bbox 1279 2166 1375 2229; x_wconf 88' lang='lat' dir='ltr'>Omne</span> 
     </span>
     <span class='ocr_line' id='line_1_17' title="bbox 271 2263 1375 2344; baseline -0.004 -14"><span class='ocrx_word' id='word_1_114' title='bbox 271 2265 446 2330; x_wconf 86' lang='lat' dir='ltr'>tacrilicium</span> <span class='ocrx_word' id='word_1_115' title='bbox 474 2270 621 2330; x_wconf 76' lang='lat' dir='ltr'>uetustate</span> <span class='ocrx_word' id='word_1_116' title='bbox 649 2266 763 2326; x_wconf 82' lang='lat' dir='ltr'>sordida</span> <span class='ocrx_word' id='word_1_117' title='bbox 790 2269 961 2344; x_wconf 88' lang='lat' dir='ltr'>corruptum</span> <span class='ocrx_word' id='word_1_118' title='bbox 986 2267 1050 2341; x_wconf 88' lang='lat' dir='ltr'>igne</span> <span class='ocrx_word' id='word_1_119' title='bbox 1074 2264 1271 2328; x_wconf 87' lang='lat' dir='ltr'>comburetur.</span> <span class='ocrx_word' id='word_1_120' title='bbox 1315 2263 1375 2339; x_wconf 87' lang='lat' dir='ltr'>Qui</span> 
     </span>
     <span class='ocr_line' id='line_1_18' title="bbox 271 2361 1374 2442; baseline -0.001 -17"><span class='ocrx_word' id='word_1_121' title='bbox 271 2365 444 2427; x_wconf 76' lang='lat' dir='ltr'>sacrificium</span> <span class='ocrx_word' id='word_1_122' title='bbox 468 2365 562 2442; x_wconf 85' lang='lat' dir='ltr'>perdit</span> <span class='ocrx_word' id='word_1_123' title='bbox 583 2364 629 2425; x_wconf 85' lang='lat' dir='ltr'>vei</span> <span class='ocrx_word' id='word_1_124' title='bbox 652 2363 688 2423; x_wconf 89' lang='lat' dir='ltr'>ab</span> <span class='ocrx_word' id='word_1_125' title='bbox 710 2362 814 2425; x_wconf 83' lang='lat' dir='ltr'>aribus</span> <span class='ocrx_word' id='word_1_126' title='bbox 835 2363 1007 2424; x_wconf 83' lang='lat' dir='ltr'>devoratum</span> <span class='ocrx_word' id='word_1_127' title='bbox 1029 2361 1134 2433; x_wconf 91' lang='lat' dir='ltr'>luerit,</span> <span class='ocrx_word' id='word_1_128' title='bbox 1159 2365 1185 2424; x_wconf 80' lang='lat' dir='ltr'>ei</span> <span class='ocrx_word' id='word_1_129' title='bbox 1206 2382 1292 2434; x_wconf 76' lang='lat' dir='ltr'>meu,</span> <span class='ocrx_word' id='word_1_130' title='bbox 1316 2363 1374 2426; x_wconf 88' lang='lat' dir='ltr'>vlt</span> 
     </span>
     <span class='ocr_line' id='line_1_19' title="bbox 270 2461 1373 2544; baseline -0.002 -20"><span class='ocrx_word' id='word_1_131' title='bbox 270 2463 333 2526; x_wconf 83' lang='lat' dir='ltr'>dien</span> <span class='ocrx_word' id='word_1_132' title='bbox 354 2467 481 2544; x_wconf 87' lang='lat' dir='ltr'>peniteat</span> <span class='ocrx_word' id='word_1_133' title='bbox 498 2462 670 2542; x_wconf 83' lang='lat' dir='ltr'>jejunando,</span> <span class='ocrx_word' id='word_1_134' title='bbox 693 2463 718 2522; x_wconf 92' lang='lat' dir='ltr'>si</span> <span class='ocrx_word' id='word_1_135' title='bbox 739 2480 793 2540; x_wconf 92' lang='lat' dir='ltr'>per</span> <span class='ocrx_word' id='word_1_136' title='bbox 814 2461 1025 2537; x_wconf 87' lang='lat' dir='ltr'>neglegentiam</span> <span class='ocrx_word' id='word_1_137' title='bbox 1047 2461 1193 2540; x_wconf 88' lang='lat' dir='ltr'>perditum</span> <span class='ocrx_word' id='word_1_138' title='bbox 1213 2462 1302 2523; x_wconf 88' lang='lat' dir='ltr'>luerit</span> <span class='ocrx_word' id='word_1_139' title='bbox 1321 2465 1373 2526; x_wconf 88' lang='lat' dir='ltr'>aut</span> 
     </span>
    </p>
   </div>
   <div class='ocr_carea' id='block_1_7' title="bbox 267 2559 1374 4026">
    <p class='ocr_par' dir='ltr' id='par_1_7' title="bbox 268 2559 1374 3038">
     <span class='ocr_line' id='line_1_20' title="bbox 269 2559 1374 2640; baseline 0.002 -19"><span class='ocrx_word' id='word_1_140' title='bbox 269 2561 458 2634; x_wconf 77' lang='lat' dir='ltr'>devoratum,</span> <span class='ocrx_word' id='word_1_141' title='bbox 479 2564 530 2639; x_wconf 82' lang='lat' dir='ltr'>qui</span> <span class='ocrx_word' id='word_1_142' title='bbox 553 2580 621 2622; x_wconf 91' lang='lat' dir='ltr'>eum</span> <span class='ocrx_word' id='word_1_143' title='bbox 643 2561 813 2640; x_wconf 86' lang='lat' dir='ltr'>perdiderit,</span> <span class='ocrx_word' id='word_1_144' title='bbox 836 2559 877 2620; x_wconf 96' lang='lat' dir='ltr'>lli</span> <span class='ocrx_word' id='word_1_145' title='bbox 900 2560 1150 2636; x_wconf 79' lang='lat' dir='ltr'>quadragesimae.</span> <span class='ocrx_word' id='word_1_146' title='bbox 1181 2560 1212 2622; x_wconf 90' lang='lat' dir='ltr'>Si</span> <span class='ocrx_word' id='word_1_147' title='bbox 1234 2563 1300 2638; x_wconf 86' lang='lat' dir='ltr'>quia</span> <span class='ocrx_word' id='word_1_148' title='bbox 1318 2579 1374 2623; x_wconf 90' lang='lat' dir='ltr'>eu-</span> 
     </span>
     <span class='ocr_line' id='line_1_21' title="bbox 269 2658 1372 2742; baseline 0.001 -19"><span class='ocrx_word' id='word_1_149' title='bbox 269 2662 437 2725; x_wconf 88' lang='lat' dir='ltr'>charistiam</span> <span class='ocrx_word' id='word_1_150' title='bbox 464 2681 516 2742; x_wconf 94' lang='lat' dir='ltr'>per</span> <span class='ocrx_word' id='word_1_151' title='bbox 543 2661 752 2738; x_wconf 82' lang='lat' dir='ltr'>neglegentiam</span> <span class='ocrx_word' id='word_1_152' title='bbox 779 2659 952 2737; x_wconf 89' lang='lat' dir='ltr'>perdiderit,</span> <span class='ocrx_word' id='word_1_153' title='bbox 980 2658 1125 2722; x_wconf 87' lang='lat' dir='ltr'>launum</span> <span class='ocrx_word' id='word_1_154' title='bbox 1148 2664 1291 2738; x_wconf 86' lang='lat' dir='ltr'>peniteat,</span> <span class='ocrx_word' id='word_1_155' title='bbox 1320 2664 1372 2724; x_wconf 86' lang='lat' dir='ltr'>aut</span> 
     </span>
     <span class='ocr_line' id='line_1_22' title="bbox 269 2758 1372 2837; baseline 0 -17"><span class='ocrx_word' id='word_1_156' title='bbox 269 2763 329 2821; x_wconf 82' lang='lat' dir='ltr'>tren</span> <span class='ocrx_word' id='word_1_157' title='bbox 351 2761 588 2837; x_wconf 81' lang='lat' dir='ltr'>quadragesimae</span> <span class='ocrx_word' id='word_1_158' title='bbox 610 2777 643 2820; x_wconf 85' lang='lat' dir='ltr'>ee</span> <span class='ocrx_word' id='word_1_159' title='bbox 661 2759 851 2835; x_wconf 86' lang='lat' dir='ltr'>quadraginta</span> <span class='ocrx_word' id='word_1_160' title='bbox 870 2759 932 2818; x_wconf 86' lang='lat' dir='ltr'>dies</span> <span class='ocrx_word' id='word_1_161' title='bbox 947 2778 964 2820; x_wconf 90' lang='lat' dir='ltr'>a</span> <span class='ocrx_word' id='word_1_162' title='bbox 979 2775 1067 2817; x_wconf 89' lang='lat' dir='ltr'>carne</span> <span class='ocrx_word' id='word_1_163' title='bbox 1088 2762 1118 2818; x_wconf 91' lang='lat' dir='ltr'>et</span> <span class='ocrx_word' id='word_1_164' title='bbox 1134 2761 1202 2820; x_wconf 86' lang='lat' dir='ltr'>vine</span> <span class='ocrx_word' id='word_1_165' title='bbox 1219 2758 1372 2822; x_wconf 71' lang='lat' dir='ltr'>absumat.</span> 
     </span>
     <span class='ocr_line' id='line_1_23' title="bbox 269 2856 1372 2937; baseline -0.002 -18"><span class='ocrx_word' id='word_1_166' title='bbox 269 2856 354 2932; x_wconf 85' lang='lat' dir='ltr'>Quod</span> <span class='ocrx_word' id='word_1_167' title='bbox 375 2861 400 2920; x_wconf 86' lang='lat' dir='ltr'>si</span> <span class='ocrx_word' id='word_1_168' title='bbox 421 2857 598 2921; x_wconf 82' lang='lat' dir='ltr'>meriticium</span> <span class='ocrx_word' id='word_1_169' title='bbox 619 2875 672 2937; x_wconf 87' lang='lat' dir='ltr'>per</span> <span class='ocrx_word' id='word_1_170' title='bbox 693 2856 892 2932; x_wconf 79' lang='lat' dir='ltr'>neglegentiae</span> <span class='ocrx_word' id='word_1_171' title='bbox 913 2873 1033 2918; x_wconf 82' lang='lat' dir='ltr'>caueam</span> <span class='ocrx_word' id='word_1_172' title='bbox 1050 2859 1079 2915; x_wconf 90' lang='lat' dir='ltr'>in</span> <span class='ocrx_word' id='word_1_173' title='bbox 1098 2861 1208 2921; x_wconf 83' lang='lat' dir='ltr'>terrem</span> <span class='ocrx_word' id='word_1_174' title='bbox 1225 2858 1372 2932; x_wconf 82' lang='lat' dir='ltr'>ceciderit,</span> 
     </span>
     <span class='ocr_line' id='line_1_24' title="bbox 268 2954 874 3038; baseline -0.002 -21"><span class='ocrx_word' id='word_1_175' title='bbox 268 2959 319 3036; x_wconf 88' lang='lat' dir='ltr'>qui</span> <span class='ocrx_word' id='word_1_176' title='bbox 338 2957 497 3035; x_wconf 72' lang='lat' dir='ltr'>uplaacrlt</span> <span class='ocrx_word' id='word_1_177' title='bbox 511 2954 549 3038; x_wconf 77' lang='lat'>⁸⁰)</span> <span class='ocrx_word' id='word_1_178' title='bbox 575 2957 599 3017; x_wconf 93' lang='lat' dir='ltr'>L</span> <span class='ocrx_word' id='word_1_179' title='bbox 620 2956 747 3035; x_wconf 80' lang='lat' dir='ltr'>psalmon</span> <span class='ocrx_word' id='word_1_180' title='bbox 768 2959 874 3018; x_wconf 88' lang='lat' dir='ltr'>cantet.</span> 
     </span>
    </p>

    <p class='ocr_par' dir='ltr' id='par_1_8' title="bbox 268 3053 1372 3331">
     <span class='ocr_line' id='line_1_25' title="bbox 331 3053 1372 3129; baseline 0.001 -12"><span class='ocrx_word' id='word_1_181' title='bbox 331 3055 441 3129; x_wconf 81' lang='lat' dir='ltr'>Quedai</span> <span class='ocrx_word' id='word_1_182' title='bbox 463 3058 492 3117; x_wconf 89' lang='lat' dir='ltr'>in</span> <span class='ocrx_word' id='word_1_183' title='bbox 513 3055 658 3117; x_wconf 74' lang='lat' dir='ltr'>sacrificio</span> <span class='ocrx_word' id='word_1_184' title='bbox 678 3071 796 3116; x_wconf 80' lang='lat' dir='ltr'>uermes</span> <span class='ocrx_word' id='word_1_185' title='bbox 817 3056 886 3114; x_wconf 89' lang='lat' dir='ltr'>eunt</span> <span class='ocrx_word' id='word_1_186' title='bbox 909 3057 960 3114; x_wconf 94' lang='lat' dir='ltr'>aut</span> <span class='ocrx_word' id='word_1_187' title='bbox 984 3053 1110 3116; x_wconf 82' lang='lat' dir='ltr'>colorent</span> <span class='ocrx_word' id='word_1_188' title='bbox 1131 3073 1187 3116; x_wconf 89' lang='lat' dir='ltr'>nou</span> <span class='ocrx_word' id='word_1_189' title='bbox 1208 3055 1298 3118; x_wconf 80' lang='lat' dir='ltr'>hahet</span> <span class='ocrx_word' id='word_1_190' title='bbox 1318 3074 1372 3118; x_wconf 89' lang='lat' dir='ltr'>nec</span> 
     </span>
     <span class='ocr_line' id='line_1_26' title="bbox 268 3150 1371 3233; baseline 0 -18"><span class='ocrx_word' id='word_1_191' title='bbox 268 3169 419 3232; x_wconf 76' lang='lat' dir='ltr'>saporem,</span> <span class='ocrx_word' id='word_1_192' title='bbox 444 3155 495 3233; x_wconf 83' lang='lat' dir='ltr'>qui</span> <span class='ocrx_word' id='word_1_193' title='bbox 515 3153 701 3230; x_wconf 85' lang='lat' dir='ltr'>neglexerat,</span> <span class='ocrx_word' id='word_1_194' title='bbox 728 3150 790 3211; x_wconf 93' lang='lat' dir='ltr'>XX</span> <span class='ocrx_word' id='word_1_195' title='bbox 810 3156 861 3215; x_wconf 88' lang='lat' dir='ltr'>aut</span> <span class='ocrx_word' id='word_1_196' title='bbox 882 3153 976 3214; x_wconf 95' lang='lat' dir='ltr'>XXX</span> <span class='ocrx_word' id='word_1_197' title='bbox 997 3153 1044 3216; x_wconf 88' lang='lat' dir='ltr'>vel</span> <span class='ocrx_word' id='word_1_198' title='bbox 1067 3154 1122 3214; x_wconf 91' lang='lat' dir='ltr'>XL</span> <span class='ocrx_word' id='word_1_199' title='bbox 1141 3155 1205 3215; x_wconf 85' lang='lat' dir='ltr'>dies</span> <span class='ocrx_word' id='word_1_200' title='bbox 1227 3157 1371 3233; x_wconf 87' lang='lat' dir='ltr'>peniteat,</span> 
     </span>
     <span class='ocr_line' id='line_1_27' title="bbox 268 3251 1288 3331; baseline 0.002 -17"><span class='ocrx_word' id='word_1_201' title='bbox 268 3256 299 3314; x_wconf 84' lang='lat' dir='ltr'>et</span> <span class='ocrx_word' id='word_1_202' title='bbox 318 3255 349 3314; x_wconf 92' lang='lat' dir='ltr'>iu</span> <span class='ocrx_word' id='word_1_203' title='bbox 371 3254 437 3330; x_wconf 91' lang='lat' dir='ltr'>igne</span> <span class='ocrx_word' id='word_1_204' title='bbox 458 3253 634 3316; x_wconf 83' lang='lat' dir='ltr'>accendatur</span> <span class='ocrx_word' id='word_1_205' title='bbox 654 3256 685 3313; x_wconf 96' lang='lat' dir='ltr'>et</span> <span class='ocrx_word' id='word_1_206' title='bbox 705 3254 789 3331; x_wconf 74' lang='lat' dir='ltr'>cgnie</span> <span class='ocrx_word' id='word_1_207' title='bbox 810 3251 873 3331; x_wconf 83' lang='lat' dir='ltr'>ejus</span> <span class='ocrx_word' id='word_1_208' title='bbox 896 3252 951 3314; x_wconf 79' lang='lat' dir='ltr'>eui</span> <span class='ocrx_word' id='word_1_209' title='bbox 970 3253 1064 3315; x_wconf 85' lang='lat' dir='ltr'>aliare</span> <span class='ocrx_word' id='word_1_210' title='bbox 1085 3253 1288 3316; x_wconf 79' lang='lat' dir='ltr'>abscondatur.</span> 
     </span>
    </p>

    <p class='ocr_par' dir='ltr' id='par_1_9' title="bbox 268 3349 1372 3629">
     <span class='ocr_line' id='line_1_28' title="bbox 330 3349 1372 3432; baseline 0.001 -19"><span class='ocrx_word' id='word_1_211' title='bbox 330 3349 362 3413; x_wconf 85' lang='lat' dir='ltr'>Si</span> <span class='ocrx_word' id='word_1_212' title='bbox 383 3367 478 3431; x_wconf 78' lang='lat' dir='ltr'>utque</span> <span class='ocrx_word' id='word_1_213' title='bbox 499 3352 535 3414; x_wconf 92' lang='lat' dir='ltr'>ad</span> <span class='ocrx_word' id='word_1_214' title='bbox 556 3357 665 3414; x_wconf 83' lang='lat' dir='ltr'>terram</span> <span class='ocrx_word' id='word_1_215' title='bbox 687 3353 841 3425; x_wconf 85' lang='lat' dir='ltr'>ceciderit,</span> <span class='ocrx_word' id='word_1_216' title='bbox 868 3353 997 3424; x_wconf 90' lang='lat' dir='ltr'>ldienr,</span> <span class='ocrx_word' id='word_1_217' title='bbox 1022 3352 1100 3430; x_wconf 77' lang='lat' dir='ltr'>guod</span> <span class='ocrx_word' id='word_1_218' title='bbox 1126 3354 1151 3414; x_wconf 82' lang='lat' dir='ltr'>ai</span> <span class='ocrx_word' id='word_1_219' title='bbox 1178 3352 1254 3415; x_wconf 87' lang='lat' dir='ltr'>stilla</span> <span class='ocrx_word' id='word_1_220' title='bbox 1281 3370 1372 3432; x_wconf 80' lang='lat' dir='ltr'>cuper</span> 
     </span>
     <span class='ocr_line' id='line_1_29' title="bbox 268 3449 1371 3531; baseline 0 -17"><span class='ocrx_word' id='word_1_221' title='bbox 268 3452 359 3514; x_wconf 84' lang='lat' dir='ltr'>altare</span> <span class='ocrx_word' id='word_1_222' title='bbox 380 3451 533 3525; x_wconf 85' lang='lat' dir='ltr'>ceciderit,</span> <span class='ocrx_word' id='word_1_223' title='bbox 561 3471 614 3531; x_wconf 89' lang='lat' dir='ltr'>per</span> <span class='ocrx_word' id='word_1_224' title='bbox 639 3449 722 3530; x_wconf 79' lang='lat' dir='ltr'>cujus</span> <span class='ocrx_word' id='word_1_225' title='bbox 744 3452 956 3529; x_wconf 85' lang='lat' dir='ltr'>neglegentiam</span> <span class='ocrx_word' id='word_1_226' title='bbox 978 3451 1088 3515; x_wconf 80' lang='lat' dir='ltr'>lactum</span> <span class='ocrx_word' id='word_1_227' title='bbox 1109 3451 1214 3526; x_wconf 88' lang='lat' dir='ltr'>luerit,</span> <span class='ocrx_word' id='word_1_228' title='bbox 1242 3451 1286 3514; x_wconf 95' lang='lat' dir='ltr'>lil</span> <span class='ocrx_word' id='word_1_229' title='bbox 1308 3452 1371 3514; x_wconf 85' lang='lat' dir='ltr'>diet</span> 
     </span>
     <span class='ocr_line' id='line_1_30' title="bbox 268 3553 406 3629; baseline 0.014 -19"><span class='ocrx_word' id='word_1_230' title='bbox 268 3553 406 3629; x_wconf 83' lang='lat' dir='ltr'>peniteat.</span> 
     </span>
    </p>

    <p class='ocr_par' dir='ltr' id='par_1_10' title="bbox 267 3649 1370 4026">
     <span class='ocr_line' id='line_1_31' title="bbox 330 3649 1370 3731; baseline 0.002 -19"><span class='ocrx_word' id='word_1_231' title='bbox 330 3649 388 3724; x_wconf 84' lang='lat' dir='ltr'>Qui</span> <span class='ocrx_word' id='word_1_232' title='bbox 410 3654 439 3712; x_wconf 86' lang='lat' dir='ltr'>in</span> <span class='ocrx_word' id='word_1_233' title='bbox 456 3651 577 3714; x_wconf 82' lang='lat' dir='ltr'>ecclesia</span> <span class='ocrx_word' id='word_1_234' title='bbox 597 3651 743 3711; x_wconf 85' lang='lat' dir='ltr'>modicam</span> <span class='ocrx_word' id='word_1_235' title='bbox 762 3653 876 3731; x_wconf 88' lang='lat' dir='ltr'>partem</span> <span class='ocrx_word' id='word_1_236' title='bbox 896 3649 1054 3730; x_wconf 84' lang='lat' dir='ltr'>perdiderit</span> <span class='ocrx_word' id='word_1_237' title='bbox 1071 3654 1101 3711; x_wconf 91' lang='lat' dir='ltr'>et</span> <span class='ocrx_word' id='word_1_238' title='bbox 1117 3651 1237 3712; x_wconf 86' lang='lat' dir='ltr'>minime</span> <span class='ocrx_word' id='word_1_239' title='bbox 1253 3652 1370 3714; x_wconf 80' lang='lat' dir='ltr'>invenie</span> 
     </span>
     <span class='ocr_line' id='line_1_32' title="bbox 267 3745 1370 3830; baseline 0.005 -24"><span class='ocrx_word' id='word_1_240' title='bbox 267 3745 371 3822; x_wconf 87' lang='lat' dir='ltr'>luerit,</span> <span class='ocrx_word' id='word_1_241' title='bbox 400 3745 463 3812; x_wconf 91' lang='lat' dir='ltr'>XX</span> <span class='ocrx_word' id='word_1_242' title='bbox 484 3750 548 3811; x_wconf 83' lang='lat' dir='ltr'>diee</span> <span class='ocrx_word' id='word_1_243' title='bbox 566 3750 693 3829; x_wconf 80' lang='lat' dir='ltr'>peniteat</span> <span class='ocrx_word' id='word_1_244' title='bbox 707 3745 746 3830; x_wconf 81' lang='lat'>⁹⁰)</span> <span class='ocrx_word' id='word_1_245' title='bbox 776 3748 823 3810; x_wconf 86' lang='lat' dir='ltr'>vel</span> <span class='ocrx_word' id='word_1_246' title='bbox 847 3767 906 3810; x_wconf 86' lang='lat' dir='ltr'>unc</span> <span class='ocrx_word' id='word_1_247' title='bbox 933 3767 1050 3828; x_wconf 83' lang='lat' dir='ltr'>quoque</span> <span class='ocrx_word' id='word_1_248' title='bbox 1074 3749 1122 3810; x_wconf 86' lang='lat' dir='ltr'>die</span> <span class='ocrx_word' id='word_1_249' title='bbox 1146 3768 1199 3828; x_wconf 89' lang='lat' dir='ltr'>pro</span> <span class='ocrx_word' id='word_1_250' title='bbox 1223 3768 1258 3811; x_wconf 84' lang='lat' dir='ltr'>se</span> <span class='ocrx_word' id='word_1_251' title='bbox 1280 3751 1370 3812; x_wconf 93' lang='lat' dir='ltr'>LXX</span> 
     </span>
     <span class='ocr_line' id='line_1_33' title="bbox 268 3845 1370 3928; baseline 0.005 -21"><span class='ocrx_word' id='word_1_252' title='bbox 268 3847 396 3925; x_wconf 76' lang='lat' dir='ltr'>perimet</span> <span class='ocrx_word' id='word_1_253' title='bbox 416 3851 522 3910; x_wconf 59' lang='lat' dir='ltr'>canet.</span> <span class='ocrx_word' id='word_1_254' title='bbox 551 3845 610 3921; x_wconf 84' lang='lat' dir='ltr'>Qui</span> <span class='ocrx_word' id='word_1_255' title='bbox 631 3847 792 3928; x_wconf 83' lang='lat' dir='ltr'>proluderit</span> <span class='ocrx_word' id='word_1_256' title='bbox 813 3847 933 3910; x_wconf 86' lang='lat' dir='ltr'>calicem</span> <span class='ocrx_word' id='word_1_257' title='bbox 955 3850 985 3909; x_wconf 89' lang='lat' dir='ltr'>in</span> <span class='ocrx_word' id='word_1_258' title='bbox 1006 3849 1254 3924; x_wconf 74' lang='lat' dir='ltr'>solemnitatibus,</span> <span class='ocrx_word' id='word_1_259' title='bbox 1275 3850 1370 3912; x_wconf 85' lang='lat' dir='ltr'>XXX</span> 
     </span>
     <span class='ocr_line' id='line_1_34' title="bbox 268 3945 489 4026; baseline 0.014 -20"><span class='ocrx_word' id='word_1_260' title='bbox 268 3945 331 4008; x_wconf 86' lang='lat' dir='ltr'>diet</span> <span class='ocrx_word' id='word_1_261' title='bbox 351 3949 489 4026; x_wconf 88' lang='lat' dir='ltr'>peniteat.</span> 
     </span>
    </p>
   </div>
   <div class='ocr_carea' id='block_1_8' title="bbox 320 4201 790 4354">
    <p class='ocr_par' dir='ltr' id='par_1_11' title="bbox 320 4201 790 4354">
     <span class='ocr_line' id='line_1_35' title="bbox 320 4201 687 4264; baseline 0 -10"><span class='ocrx_word' id='word_1_262' title='bbox 320 4201 365 4264; x_wconf 76' lang='lat' dir='ltr'>tt)</span> <span class='ocrx_word' id='word_1_263' title='bbox 384 4201 447 4253; x_wconf 83' lang='lat' dir='ltr'>coc.</span> <span class='ocrx_word' id='word_1_264' title='bbox 465 4203 516 4254; x_wconf 85' lang='lat' dir='ltr'>titi</span> <span class='ocrx_word' id='word_1_265' title='bbox 535 4202 687 4264; x_wconf 80' lang='lat' dir='ltr'>neglexerat.</span> 
     </span>
     <span class='ocr_line' id='line_1_36' title="bbox 321 4287 790 4354; baseline -0.004 -14"><span class='ocrx_word' id='word_1_266' title='bbox 321 4287 367 4354; x_wconf 82' lang='lat' dir='ltr'>tt&gt;</span> <span class='ocrx_word' id='word_1_267' title='bbox 385 4287 448 4340; x_wconf 77' lang='lat' dir='ltr'>ent.</span> <span class='ocrx_word' id='word_1_268' title='bbox 467 4289 518 4340; x_wconf 78' lang='lat' dir='ltr'>itt</span> <span class='ocrx_word' id='word_1_269' title='bbox 537 4287 691 4354; x_wconf 67' lang='lat' dir='ltr'>,penitenti</span> <span class='ocrx_word' id='word_1_270' title='bbox 710 4287 790 4338; x_wconf 83' lang='lat' dir='ltr'>dccet.</span> 
     </span>
    </p>
   </div>
   <div class='ocr_carea' id='block_1_9' title="bbox 0 0 1552 5100">
    <p class='ocr_par' dir='ltr' id='par_1_12' title="bbox 0 0 1552 5100">
     <span class='ocr_line' id='line_1_37' title="bbox 0 0 1552 5100; baseline 0 4"><span class='ocrx_word' id='word_1_271' title='bbox 0 0 1552 5100; x_wconf 95' lang='lat' dir='ltr'> </span> 
     </span>
    </p>
   </div>
  </div>
 </body>
</html>
