3094 5100
702 341 773 420 loo

182 539 304 602 Joauuis
330 539 498 624 baptistae:
537 543 568 600 et
595 541 620 602 si
648 543 717 601 ante
746 541 934 605 festivitatem
961 540 1069 618 aliquid
1097 542 1289 615 remanserit,

184 643 288 720 postea
309 640 477 720 adimpleat.
522 641 560 702 Et
582 642 772 718 quadraginta
793 643 857 702 dies
877 645 946 706 ante
965 642 1068 703 natale·
1083 643 1210 704 Domini.
1254 643 1289 704 lu

185 741 249 800 istis
271 740 363 802 tribus
385 741 615 820 quadragesimis
637 743 776 820 quidquid
802 744 845 804 ori
872 761 925 804 sno
947 746 1138 824 praeparatur
1159 745 1189 804 in
1209 741 1301 818 cibo,

184 839 232 900 uel
254 841 283 900 in
304 844 392 918 potu,
416 841 464 902 uel
486 839 696 918 cujuscumque
718 844 833 919 generis
854 845 909 916 sit,
936 843 1006 906 illud
1028 846 1165 918 aestimet
1189 844 1291 922 quanti

184 941 272 1019 pretii
294 941 347 1012 sit,
372 941 419 1002 uel
440 959 506 1002 esse
527 942 628 1022 possit.
662 942 911 1004 demetientem
933 943 1009 1004 illius
1031 943 1116 1024 pretii
1136 942 1291 1006 distribuat
1336 991 1339 996 ,

183 1041 214 1098 in
236 1040 454 1120 eleemosynam
473 1041 669 1120 pauperibus,
692 1045 722 1102 et
739 1042 856 1102 assidue
873 1047 953 1114 oret,
976 1045 1005 1102 et
1021 1045 1102 1119 roget
1121 1043 1290 1116 Dominum,
1343 1049 1346 1054 '
1442 1091 1448 1108 ,

184 1144 217 1202 ut
238 1141 329 1202 oratio
350 1140 413 1218 ejus
435 1144 464 1200 et
481 1141 685 1221 eleemosynae
701 1139 764 1219 ejus
781 1142 858 1222 apud
877 1143 971 1204 Deum
990 1142 1183 1224 acceptabiles
1201 1143 1269 1204 siut.
1354 1167 1364 1232 '.
1427 1223 1431 1230 μ

623 1473 782 1528 CAPlTUL.
801 1478 846 1528 vl.
876 1501 882 1512 =

220 1593 260 1644 lto
277 1593 463 1658 Redemptione
479 1595 557 1645 unlus
575 1595 649 1652 anni,
669 1609 746 1660 quem
764 1597 894 1662 poenitere
914 1596 990 1647 debet
1007 1596 1033 1648 ln
1052 1609 1118 1660 pane
1136 1604 1162 1648 et
1179 1611 1253 1663 aqua.

246 1729 322 1790 ltem
344 1731 395 1808 qui
412 1729 544 1809 jejunare
565 1750 621 1793 uon
642 1735 753 1810 potest,
776 1736 806 1792 et
823 1732 980 1794 observare
999 1730 1102 1808 quod·
1092 1750 1121 1790 ιιι
1138 1733 1289 1829 poeniten·
1302 1737 1391 1836 μοΡοω
1380 1797 1396 1836 μ
1391 1737 1436 1837 ’ἐφ’
1431 1741 1454 1848 μ’·

183 1829 245 1892 tiali
266 1831 407 1911 scripturn
429 1833 489 1902 est,
512 1830 599 1892 iaciat
619 1831 674 1893 hoc
696 1833 772 1911 quod
795 1834 912 1893 sanctus
934 1830 1099 1890 Bonilacius
1120 1830 1200 1910 Papa
1221 1849 1319 1896 cou-.
1337 1857 1371 1895 a.

183 1930 301 1990 stituit
298 1947 358 2008 pro
388 1948 446 1990 uno
476 1930 539 2003 die,
570 1949 660 2008 quern
688 1933 717 1992 in
746 1950 821 2010 pane
850 1933 879 1989 et
909 1949 985 2008 aqua
1015 1933 1163 2010 poenitere
1191 1930 1311 2012 debet.
1316 1913 1371 1954 ⁸³¹⁰
1316 1910 1455 2023 9³¹⁰¹⁸Jffi

183 2029 277 2106 Roget
298 2029 519 2110 presbyterum,
541 2033 574 2092 ut
595 2033 716 2093 missam
738 2033 835 2094 cantet
856 2050 908 2112 pro
929 2050 983 2104 eo,
1010 2032 1066 2092 nisi
1089 2032 1146 2092 sint
1167 2033 1288 2094 crimina
1303 1985 1361 2071 ¹¹⁰
1347 2043 1398 2130 20²
1379 2031 1454 2191 μ’ξέ

183 2129 333 2208 capitalia,
362 2148 438 2207 qnae
464 2131 597 2191 contessa
626 2134 706 2212 prius
730 2132 821 2194 lauari
846 2151 912 2193 cnm
937 2131 1075 2210 lacrymis
1099 2132 1214 2194 debent.
1250 2103 1358 2195 1⁴}th
1346 2104 1416 2191 osdra

183 2227 283 2288 tunc'
275 2245 339 2305 rpse
360 2230 452 2301 adsit,
478 2232 508 2289 et
530 2229 644 2292 audiat:
681 2231 719 2292 Et
740 2231 879 2292 deuote·
871 2249 933 2310 ipse
956 2232 1060 2292 offerat
1080 2233 1205 2311 propriis
1225 2252 1289 2293 ma·

182 2325 268 2387 uibus
287 2345 392 2405 panem
412 2330 442 2387 et
460 2329 561 2390 ninum
579 2329 714 2391 manibus
732 2331 909 2392 sacerdotis:
934 2334 964 2392 et
985 2331 1094 2392 intente
1116 2332 1289 2412 respondeat

184 2429 327 2502 quantum
350 2428 441 2506 sapit,
472 2428 508 2488 ad
534 2428 724 2492 salutationes
748 2433 778 2490 et
802 2431 1017 2492 exhortationes
1041 2433 1217 2494 sacerdotis:
1253 2431 1292 2492 Et

181 2525 333 2586 humiliter
354 2527 511 2588 Dominum
533 2529 721 2609 deprecetur,
750 2533 783 2590 ut
807 2529 915 2592 oblatio
941 2547 1029 2606 quam
1059 2531 1122 2607 ipse
1149 2535 1179 2591 et
1204 2531 1291 2593 Pres·
1393 2569 1399 2574 -

180 2625 271 2704 byter
292 2644 345 2704 pro
366 2645 399 2687 se
420 2631 450 2687 et
472 2647 524 2707 pro
546 2630 675 2708 peccatis
697 2630 759 2689 suis
781 2629 844 2690 Deo
864 2629 1026 2702 obtulerat,
1054 2631 1133 2691 Deus
1160 2634 1291 2712 omnipo·

182 2732 250 2788 tens
271 2728 498 2789 misericorditer
519 2747 572 2808 per
589 2728 732 2804 Angelum
754 2747 840 2790 suum
862 2731 1011 2809 suscipere
1032 2731 1182 2808 dignetur:
1205 2734 1242 2792 et'
1256 2751 1291 2793 eo

183 2825 230 2886 die
252 2829 373 2905 excepto
394 2828 479 2900 rino,
501 2845 588 2888 earne
611 2831 641 2888 et
662 2829 819 2905 sagimine,
844 2831 977 2892 comedat
999 2831 1136 2909 quicquid
1157 2831 1239 2906 vult3
1262 2835 1292 2892 et

184 2928 227 2988 sic
248 2925 372 2988 redimat
392 2928 522 3006 reliquos
543 2928 606 2988 dies
626 2930 703 2988 anni.

618 3260 774 3312 cnelruu.
794 3261 855 3314 vll.

234 3385 272 3434 De
290 3383 322 3434 lis
339 3384 384 3447 qui
400 3383 516 3444 jejunare
533 3395 585 3433 non
603 3390 724 3445 possunt,
744 3389 769 3434 et
787 3383 882 3435 babent
899 3385 968 3436 unde
987 3384 1114 3436 redimere
1132 3385 1240 3448 possint

179 3597 182 3604 ,
249 3520 281 3583 Si
303 3521 369 3599 quis
390 3518 466 3600 torte
487 3537 542 3580 nou
564 3515 689 3598 potest
681 3517 827 3596 jejunare,
849 3522 880 3578 et
897 3519 1034 3581 habuerit
1049 3520 1130 3582 unde
1147 3521 1369 3634 redimerefo·em
1334 3525 1454 3567 ‘uelim

185 3623 294 3701 possit,
325 3622 351 3681 si
379 3621 461 3682 dives
490 3619 594 3688 luerit,
625 3637 678 3698 pro
708 3624 822 3698 septem
851 3619 1081 3682 hebdomadibus
1108 3620 1158 3680 det
1186 3587 1404 3743 ιοΗιιοειιΞίμιμῗρ.Ι
1414 3597 1456 3686 ιί9

186 3723 301 3798 uiginti.
337 3721 367 3782 Si
395 3739 450 3781 nou
478 3719 614 3782 habuerit
640 3721 718 3781 unde
745 3723 859 3782 tanturn
887 3718 956 3782 dare
981 3721 1089 3800 possit,
1117 3720 1167 3780 det
1190 3715 1361 3784 decemffl'm’
1304 3765 1408 3816 4³³³
1373 3701 1408 3803 ’ζμ
1404 3717 1456 3862 22}
1503 3763 1506 3788 ι

112 3839 114 3843 ’
186 3822 302 3884 solidos.
347 3821 498 3884 Stantem
520 3821 646 3882 multum
668 3839 780 3901 pauper
801 3820 903 3893 fuerit,
929 3820 979 3880 det
999 3819 1105 3884 solidos
1126 3826 1197 3884 tres.
1234 3822 1455 3923 N0·†39··²²·
1390 3882 1415 3926 μμ
1436 3895 1455 3926 μ
1486 3889 1497 3900 ,

186 3924 295 3986 minem
317 3920 483 3994 conturbet,
505 3918 611 4000 quod
602 3923 743 3998 jussimus
761 3922 831 3982 dare
850 3920 957 3982 solidos
978 3922 1096 3998 uiginti,
1117 3927 1169 3984 aut
1186 3925 1293 3998 minus,
1306 3895 1375 3984 :oap‘
1417 3913 1446 3947 '·

187 4025 254 4100 quia
276 4021 390 4084 facilius
411 4025 457 4081 est
478 4022 536 4096 illi,
559 4022 583 4082 si
605 4021 688 4083 diues
709 4020 814 4093 luerit,
838 4020 908 4082 dare
929 4021 1036 4084 solidos
1057 4024 1180 4100 uiginti,
1202 4025 1292 4104 quim

187 4123 308 4202 pauperi
337 4127 406 4182 tres.
444 4122 501 4182 Sed
527 4120 658 4184 attendat
683 4122 888 4198 unusquisque
914 4123 961 4184 cui
987 4121 1057 4184 dare
1081 4123 1201 4198 debeat,
1229 4125 1293 4186 siue
1409 4181 1412 4188 .

187 4240 240 4302 pro
265 4222 467 4302 redemptione
494 4223 694 4302 captivorum,
726 4206 790 4282 siue
818 4239 907 4300 super
937 4226 1071 4288 sanctaun
1098 4223 1207 4300 altare,
1238 4243 1293 4288 seu

186 4322 242 4382 Dei
263 4323 372 4398 servis,
394 4326 445 4385 aut
466 4321 642 4402 pauperibus
664 4322 693 4382 in
714 4321 942 4401 eleemosynam.
