3108 5098
782 348 830 424 71

262 561 331 608 cum
346 546 425 614 est,
456 542 492 604 V.
522 560 613 608 annos
641 545 804 624 poeniteat,
837 541 890 604 lll.
917 561 954 606 ex
981 544 1028 606 his
1056 548 1085 624 in
1113 563 1189 625 pane
1216 549 1246 605 et
1275 561 1363 623 aqna.

263 647 291 714 §.
315 642 363 705 12.
385 641 504 720 Siquis
526 648 619 706 sortes
640 642 788 716 habuerit,
811 660 884 720 quas
903 642 1075 705 Sanctorum
1097 647 1198 707 contra
1219 645 1364 706 rationem

261 747 381 815 vocant,
410 743 458 804 vel
471 743 592 821 aliquas
614 745 707 804 sortes
724 742 880 828 habuerit,
901 743 949 804 vel
963 742 1164 821 qualicunque
1185 743 1262 807 malo
1282 745 1365 819 inge-

262 843 310 908 nio
336 843 458 904 sortitus
487 842 590 916 luerit,
619 842 666 912 vel
694 842 882 914 divinaverit,
913 842 963 903 lll.
986 861 1077 903 annos
1098 845 1260 922 poeniteat,
1288 844 1311 906 l.
1335 845 1365 903 in

262 960 335 1021 panc
365 945 395 1002 et
417 959 503 1020 aqua.
547 946 575 1013 §.
599 940 648 1002 13.
678 941 709 1002 Si
736 960 797 1018 qua
821 941 927 1002 mulier
947 927 1139 1004 divinationes
1161 943 1208 1012 vel
1235 945 1366 1005 incanta-

262 1043 356 1104 tiones
383 1042 538 1104 diabolicas
566 1041 684 1114 iecerit,
717 1041 739 1100 1.
762 1058 870 1102 annum
896 1043 1058 1120 poeniteat,
1088 1043 1135 1103 vel
1161 1041 1367 1112 111.er··.,

261 1143 310 1206 vcl
337 1141 401 1202 XL.
430 1143 509 1214 dies,
537 1139 618 1219 juxta
645 1140 817 1220 qualitatem
846 1141 948 1220 culpae
976 1143 1159 1221 poenitentis.
1202 1145 1231 1212 δ.
1254 1139 1303 1202 11.
1334 1139 1366 1201 Si

262 1261 320 1320 qua
347 1233 453 1304 mulier
481 1241 575 1302 lilium
595 1260 682 1302 suum
704 1241 751 1302 vel
774 1240 863 1304 filiam
885 1259 974 1319 super
995 1244 1105 1302 tectum
1126 1259 1179 1320 pro
1200 1243 1324 1304 sanitate
1337 1239 1366 1320 ¹)

263 1343 402 1421 posuerit,
420 1341 472 1404 'vel
493 1342 522 1400 in
543 1339 669 1414 fornace,
692 1341 756 1402 Vll.
772 1359 862 1405 annos
883 1342 1037 1418 poeniteat.
1080 1346 1109 1413 ς.
1126 1342 1175 1404 15.
1197 1339 1256 1414 Qui
1275 1358 1367 1418 grana

262 1443 367 1506 arserit
392 1441 443 1502 ubi
470 1445 604 1502 mortuus
627 1444 672 1502 est
693 1441 796 1515 homo,
825 1458 878 1519 pro
899 1443 1024 1502 sanitate
1045 1442 1206 1504 viventium
1218 1438 1242 1520 ²)
1263 1443 1294 1502 et
1314 1441 1368 1500 do-

262 1527 346 1614 mus,
367 1541 405 1602 V.
427 1560 527 1615 annos,
548 1544 576 1600 in
599 1561 673 1620 pane
694 1545 724 1602 et
745 1559 821 1618 aqua
843 1543 999 1630 poeniteat.
1043 1546 1071 1613 §.
1092 1542 1141 1602 16.
1163 1541 1195 1602 Si
1215 1542 1292 1617 quis,
1313 1559 1369 1619 pro

263 1642 387 1704 sanitate
413 1640 508 1713 filioli,
538 1660 590 1720 per
617 1640 747 1704 foramen
775 1645 871 1700 terrae
893 1642 1010 1713 exierit,
1039 1640 1168 1724 illudque
1190 1641 1280 1720 spinis
1301 1644 1369 1719 post

263 1759 295 1807 se
317 1739 474 1814 concludit,
503 1739 569 1800 XL.
591 1740 654 1801 dies
675 1741 704 1800 in
725 1758 800 1819 pane
822 1743 850 1799 et
872 1758 949 1816 aqua
975 1742 1130 1818 poeniteat.
1174 1745 1204 1812 §.
1226 1741 1276 1802 17.
1307 1738 1368 1813 Qui

263 1840 452 1908 divinationes
480 1843 636 1919 expetunt,
664 1844 694 1901 el
719 1849 802 1900 more
823 1840 973 1916 gentilium
995 1839 1229 1917 subsequuntur,
1257 1843 1309 1900 aut
1335 1841 1367 1898 in

263 1941 373 2010 domos¹
390 1959 460 2002 suas
488 1939 652 2018 hujusmodi
680 1939 814 2000 homines
835 1939 1033 2010 introducunt,
1065 1939 1235 2016 exquirendi
1256 1938 1366 2015 aliquid

263 2044 326 2102 arte
346 2039 495 2112 malefica,
517 2042 568 2102 aut
588 2039 722 2119 expiandi
743 2057 847 2112 causa,
870 2041 938 2112 isti,
962 2040 986 2100 si
1008 2040 1043 2100 de
1064 2039 1141 2100 clero
1162 2041 1245 2112 sunt,
1267 2037 1369 2118 abjici·

263 2143 365 2212 antur3
386 2141 504 2202 sivero
526 2138 702 2212 saeculares,
724 2139 848 2200 confessi
870 2139 1063 2217 poenitentiae
1080 2139 1278 2216 quinquennio
1296 2136 1370 2198 sub-

259 2236 389 2314 jaceant,
420 2237 581 2298 secundum
609 2239 725 2314 regulas
753 2239 914 2314 antiquitus
943 2233 1161 2318 constitutam).
1204 2243 1233 2310 §.
1257 2235 1307 2297 18.
1336 2237 1368 2301 Si

264 2338 330 2413 quis
350 2336 387 2398 ad
408 2335 543 2409 arbores,
572 2336 618 2398 vel
639 2337 676 2401 ad
698 2336 808 2408 luntas,
835 2335 884 2398 vel
905 2335 941 2396 ad
964 2336 1089 2414 lapides,
1112 2337 1174 2398 sive
1196 2335 1232 2395 ad
1253 2334 1369 2396 cancel-

263 2434 322 2509 los,
351 2435 399 2498 vel
425 2435 608 2514 ubicunque,
638 2437 760 2516 excepto
788 2438 816 2495 in
845 2434 985 2498 aecclesia
1013 2435 1084 2507 Dei,
1113 2438 1215 2496 votum
1236 2436 1369 2507 voverit,

263 2539 314 2600 aut
342 2535 513 2610 exsolverit,
543 2536 594 2597 lll.
616 2553 707 2596 annos
733 2553 800 2596 cum
822 2552 897 2615 pane
919 2536 948 2593 et
969 2551 1044 2611 aqua
1066 2535 1229 2613 poeniteat3
1262 2537 1291 2594 et
1312 2531 1370 2594 lroc

263 2635 448 2716 sacrilegium
470 2638 530 2708 est,
552 2635 598 2697 vel
620 2635 850 2696 daemoniacum.
894 2631 953 2706 Qui
974 2651 1044 2697 vero
1066 2632 1173 2693 ibidem
1194 2632 1294 2706 ederit,
1314 2617 1368 2696 aut

262 2732 384 2808 biberit,
418 2734 442 2794 Ι.
463 2752 573 2797 annum
602 2736 749 2813 poeniteat
778 2735 806 2794 in
834 2753 909 2812 pane
932 2737 961 2794 11
982 2751 1068 2811 aqua.
1112 2737 1141 2804 §.
1165 2731 1213 2792 19.
1246 2729 1368 2809 Siquis

264 2837 293 2894 in
320 2834 467 2896 Kalendas
493 2834 623 2894 tannarii
652 2835 681 2895 in
711 2832 830 2895 cervulo
857 2836 909 2894 aut
935 2833 1035 2896 vetula
1063 2834 1158 2906 vadit,
1189 2831 1216 2893 id
1245 2835 1307 2906 est,
1337 2833 1368 2892 in

179 2981 184 2985 -
263 2932 393 2996 ferarum
419 2933 537 2996 habitus
565 2952 597 2994 se
626 2925 865 3007 [commutanti]
887 2934 1120 3005 communicant,
1150 2935 1180 2992 et
1199 2933 1369 2994 vestiuntur

264 3031 387 3112 pellibus
409 3033 571 3110 pecudum,
593 3034 623 3091 ct
643 3033 796 3093 assumunt
817 3032 910 3111 capita
932 3031 1110 3104 bestiarum
1140 3032 1281 3108 quivero
1302 3031 1369 3092 tali·

263 3136 309 3194 ler
337 3135 366 3193 in
395 3131 503 3192 ferinas
531 3131 644 3210 species
671 3149 704 3191 se
731 3129 953 3204 transtormant,
986 3130 1037 3191 lll.
1065 3148 1156 3192 annos
1183 3131 1368 3208 poeniteantr

265 3234 334 3310 quia
362 3232 418 3293 hoo
445 3231 666 3293 daemoniacum
688 3233 742 3290 est.
785 3234 814 3302 s.
836 3231 887 3292 20.
918 3230 949 3292 Si
971 3232 1037 3308 quis
1058 3230 1283 3294 mathematicus
1305 3233 1368 3304 est,
1410 3239 1415 3244 '

264 3332 375 3404 idest,
404 3349 456 3411 per
478 3332 688 3402 invocationem
710 3330 885 3392 daemonum
907 3329 1033 3391 hominis
1054 3335 1183 3392 mentem
1205 3332 1368 3404 convertit,

264 3432 301 3495 v.
323 3449 413 3495 annos
434 3432 590 3509 poeniteat,
613 3430 635 3490 l.
658 3431 687 3492 in
710 3449 784 3509 pane
806 3435 836 3490 et
856 3447 942 3508 aqua.
985 3435 1014 3503 §.
1031 3431 1081 3492 21.
1104 3430 1137 3492 Si
1157 3433 1223 3509 quis
1242 3430 1369 3490 emissor

152 3539 157 3550 ’
264 3532 445 3612 tempestatis
475 3531 577 3604 luerit,
606 3531 634 3590 id
662 3534 707 3591 est
728 3528 893 3602 maleficus,
924 3530 988 3592 Vll.
1010 3549 1100 3592 annos
1120 3531 1284 3610 poeniteat,
1313 3528 1367 3592 lll.

264 3633 293 3694 in
319 3651 394 3712 pane
422 3635 453 3692 el
472 3649 559 3708 aqua.
602 3634 629 3702 §.
652 3628 703 3691 22.
734 3629 765 3692 Si
787 3632 853 3708 quis
877 3631 1018 3706 ligaturas
1038 3628 1157 3703 iecerit,
1186 3629 1264 3707 quod
1285 3628 1369 3690 dete·

264 3731 367 3793 stabile
389 3733 443 3802 est,
464 3728 516 3790 Ill.
534 3747 625 3790 annos
646 3731 801 3809 poeniteat,
823 3731 847 3790 l.
863 3731 892 3791 iu
913 3747 987 3808 pane
1009 3732 1040 3789 el
1058 3748 1144 3808 aqua.
1188 3732 1217 3800 S.
1231 3727 1282 3788 23.
1306 3723 1368 3800 Qui

264 3831 386 3908 auguria
404 3828 452 3893 vel
475 3829 665 3890 divinationes
686 3830 714 3888 in
736 3829 946 3890 consuetudine
966 3826 1112 3901 habuerit,
1133 3827 1170 3889 V.
1189 3845 1279 3888 annos
1296 3844 1369 3906 poe-

265 3932 364 3991 niteat.
407 3932 437 3999 ς.
459 3928 510 3990 21.
533 3925 591 4001 Qui
612 3927 749 3991 observat
768 3927 899 4000 divinos,
926 3926 973 3988 vel
994 3930 1244 4005 praecantatores,
1273 3924 1368 4004 phila-

265 4031 353 4092 cteria
382 4029 470 4092 etiam
495 4028 651 4100 diabolica,
678 4031 708 4088 et
728 4029 857 4098 somnia,
886 4026 934 4090 vel
956 4025 1082 4102 herbam
1113 4031 1164 4090 aut
1186 4025 1223 4088 V.
1245 4024 1367 4100 leriam,

336 4262 364 4330 1)
381 4266 470 4318 Febris
487 4269 519 4320 N·
538 4263 599 4316 add.

335 4352 363 4418 2)
381 4353 415 4403 m
432 4352 539 4407 domus,
559 4351 591 4400 V.
609 4361 703 4407 annos,
723 4349 754 4402 N.
778 4349 935 4401 ebdomadas
953 4351 999 4408 V„
1018 4349 1058 4402 111
1076 4363 1187 4408 anuum,
1206 4351 1238 4402 0.

334 4437 529 4500 1111111111
546 4447 643 4486 canona
661 4435 769 4487 dicitur:
803 4436 854 4500 Qui
874 4437 992 4498 auguria,
1021 4437 1147 4500 auspicia,
1174 4437 1229 4487 siva
1246 4435 1366 4494 1111111111.

265 4524 305 4578 111
323 4523 493 4576 divinationes
510 4519 650 4584 quaslibet.
668 4521 812 4574 secundum
830 4533 915 4573 mores
933 4523 1067 4585 scamium
1085 4522 1220 4576 observant
1237 4519 1271 4574 N.
