3108 5098
807 314 859 392 io
947 375 959 396 .

280 517 601 598 organisationem,
621 517 656 578 nt
668 516 833 594 epiecopus
845 509 1031 592 judicaverit,
1074 514 1103 583 §-
1119 507 1170 572 15.
1190 507 1286 572 Simili
1299 509 1386 572 modo

280 635 377 698 mene
397 622 501 695 agatur
522 619 552 676 et
573 615 610 678 de
627 633 666 676 eo
687 617 738 693 qui
763 613 926 675 resistendo
954 613 1155 689 insurgentem
1183 611 1385 687 prostraverit

282 725 312 792 §-
335 720 384 781 16.
414 719 445 780 Si
467 721 568 779 autem
589 735 641 777 rex
663 716 738 776 infra
758 731 882 791 regnum
909 714 1071 775 exercitum
1100 711 1216 772 amerit
1243 709 1387 772 adversus

281 821 465 896 insurgentes
487 837 539 879 seu
561 816 703 888 rebelles,
733 818 764 876 et
785 818 936 894 permotus
956 813 1067 873 beilum
1089 813 1198 888 egerit,
1222 829 1276 888 pro
1295 827 1386 886 regno

276 921 329 981 vel
350 919 566 980 aecclesiastica
585 915 697 994 justitia
718 915 910 988 decertando,
931 915 1098 992 quicunque
1119 911 1160 971 ilii
1181 927 1267 988 opem
1289 909 1386 973 ierenr

281 1020 320 1081 do
339 1018 529 1080 homicidium
550 1017 714 1104 incurrerit,
734 1015 846 1093 absque
868 1016 949 1092 gravi
972 1013 1057 1090 culpa
1078 1013 1152 1084 erit;
1173 1009 1394 1082 tautrrmmodo,

281 1122 401 1200 propter
422 1119 570 1194 sanguinis
592 1117 782 1188 effusionem,
804 1135 851 1187 se,
873 1119 907 1177 ut
928 1132 992 1176 mos
1013 1115 1077 1186 est,
1098 1110 1134 1172 ab
1156 1108 1297 1173 aecclesia
1319 1108 1386 1169 XL.

233 1207 237 1216 ¹
281 1219 385 1280 diebus
406 1218 568 1290 abstineat,
598 1219 628 1277 et
649 1216 748 1292 aliqua
771 1215 880 1278 ieriaiia
898 1211 1026 1292 jejunia,
1048 1229 1101 1291 pro
1122 1210 1296 1272 humilitatis
1316 1227 1386 1270 cau-

281 1337 330 1392 sa,
351 1319 388 1380 ab
409 1319 564 1396 aepiscopo
584 1317 739 1394 suscipiat,
761 1319 791 1376 et
813 1319 879 1392 post
900 1314 966 1375 XL.
988 1313 1051 1389 dies
1071 1309 1284 1382 reconciliatus,
1306 1327 1386 1373 come

281 1421 448 1481 munionem
477 1417 594 1478 habeat.
638 1421 666 1488 s.
691 1416 740 1476 17.
771 1415 855 1489 Quod
877 1417 901 1476 si
926 1414 1053 1475 incursio
1074 1428 1254 1491 paganorum
1275 1411 1386 1470 terram

281 1518 488 1594 occupaverit,
515 1516 671 1593 aecclesias
700 1516 915 1588 devastaverit,
951 1517 1061 1574 terram
1089 1510 1326 1590 depopulaverit,
1356 1510 1386 1586 et

282 1619 422 1697 populum
445 1617 642 1680 Christianum
670 1616 707 1678 ad
736 1614 847 1677 beilum
868 1615 1073 1686 concitaverit,
1102 1613 1237 1690 quisquis
1257 1608 1386 1686 aliquem

281 1716 436 1796 dejecerit,
467 1717 579 1794 absque
607 1716 688 1792 gravi
715 1714 801 1792 culpa
830 1716 905 1787 erit,
935 1713 987 1774 sed
1014 1716 1128 1773 tantum
1149 1729 1203 1790 per
1224 1707 1308 1796 Vll„
1337 1707 1386 1769 rel

282 1817 390 1891 xiiii,
411 1817 459 1879 vel
483 1817 547 1878 XL.
569 1816 641 1888 dies,
664 1815 701 1875 ab
723 1815 883 1877 aecclesiae
905 1816 1038 1892 ingressu
1062 1831 1095 1874 se
1115 1812 1270 1882 abstineat,
1292 1811 1323 1870 et
1343 1807 1386 1870 sic

283 1917 454 1997 purificatus
475 1917 637 1980 ecclesiam
658 1918 749 1993 petat.

575 2149 643 2204 lv.
680 2147 767 2200 ITEM
786 2147 832 2198 DE
850 2143 1089 2200 Poeniceum.

343 2282 403 2358 Qui
431 2285 509 2345 enim
538 2283 632 2344 muita
657 2282 734 2344 mala
762 2283 831 2344 iecit
852 2283 881 2343 iu
903 2281 1079 2349 homicidio,
1108 2281 1137 2342 in
1159 2280 1327 2357 sacrilegio,
1356 2281 1386 2340 in

285 2385 510 2466 parricidio,=in
531 2383 630 2458 furtu,
652 2383 682 2442 in
702 2383 825 2461 rapina,
847 2384 875 2442 in
897 2382 1103 2451 fornicatione,
1124 2383 1154 2441 iu
1175 2380 1336 2456 adulterio,
1357 2381 1388 2458 in

159 2489 163 2498 “
283 2485 454 2559 mendacio,
476 2487 506 2544 et
527 2480 672 2564 perjurio,
693 2485 723 2543 et
744 2484 845 2560 postea
866 2499 1026 2544 conversus
1047 2483 1195 2560 poenitere
1219 2482 1317 2558 cupit,
1338 2498 1386 2540 re-

284 2586 396 2662 linquat
416 2589 534 2647 terrena
555 2585 668 2656 omnia,
698 2585 808 2643 intrans
830 2584 858 2642 in
881 2583 1051 2644 monasterii
1072 2582 1244 2654 servitium,
1266 2583 1297 2640 et
1318 2597 1388 2658 poe-

243 2667 248 2676 *
282 2687 373 2748 niteat
395 2703 471 2762 quae
491 2685 582 2761 gessit
602 2683 743 2762 quamdiu
764 2683 889 2756 vixerit,
917 2686 951 2744 ut
971 2681 1106 2744 sacerdos
1131 2679 1313 2759 judicaverit.
1356 2678 1387 2742 Si

283 2787 385 2848 autem
407 2786 436 2844 in
458 2783 627 2846 monasterii
648 2784 803 2845 servitium
824 2783 933 2842 intrare
955 2781 1095 2855 noluerit,
1118 2781 1242 2853 duriter,
1264 2781 1294 2840 in
1314 2779 1388 2844 laico

283 2885 404 2959 habitu,
427 2884 513 2957 exui,
536 2901 630 2960 usque
652 2882 688 2945 ad
711 2885 822 2944 exitum
843 2883 922 2945 vitae
938 2881 1099 2960 poeniteat.

282 3120 328 3176 V·
365 3119 412 3170 DE
440 3088 726 3174 coeanensium.
757 3117 801 3169 UT
827 3115 850 3167 Δ
876 3117 1100 3170 nasseinais
1126 3117 1199 3169 NON
1224 3115 1388 3168 Reconci-

351 3206 515 3262 aienius.
534 3206 604 3258 nisi
623 3204 863 3257 PRAECiPlENTE
881 3204 1066 3258 AEPISCOPO.
1088 3205 1137 3258 Ex
1154 3204 1316 3266 concipio

731 3291 938 3344 AFFRICANO.

217 3457 219 3461 ,
344 3410 383 3475 Ut
404 3411 634 3491 poenitentibus,
665 3412 827 3474 secundum
848 3411 1042 3476 differentiam
1071 3413 1275 3490 peccatorum,
1306 3412 1389 3489 aepi-

282 3516 364 3592 scopi
385 3513 506 3575 orbitrio
526 3514 722 3591 poenitentiae
743 3515 876 3590 tempora
897 3513 1101 3586 decernantur,
1129 3515 1159 3572 et
1179 3515 1213 3572 ut
1233 3511 1389 3589 presbiter,

283 3615 444 3676 inconsulto
466 3615 638 3691 aepiscopo,
668 3631 724 3673 non
746 3613 912 3674 reconciliet
932 3613 1150 3691 poenitentem,
1178 3612 1235 3674 nisi
1255 3611 1390 3675 absentia

282 3715 428 3792 episcopi,
460 3715 633 3776 necessitate
664 3715 795 3790 cogente.
846 3712 1054 3792 Cuiuscunque
1084 3715 1183 3774 autem
1214 3713 1389 3792 poenitentis

283 3810 432 3892 pubiicum
456 3816 487 3874 et
507 3813 743 3891 vulgatissimum
764 3817 810 3874 est
831 3815 959 3887 crimen,
988 3813 1064 3892 quod
1086 3813 1253 3875 universam
1276 3811 1390 3875 aeccle·

283 3913 357 3975 siam
378 3915 587 3987 commoverit,
608 3917 676 3978 ante
696 3913 829 3976 obsidem
850 3931 957 3976 manus
978 3914 1006 3973 ei
1027 3912 1197 3991 inponatur!
1213 3909 1235 3993 ¹)

355 4175 380 4237 1)
399 4174 510 4225 Romani
528 4174 694 4226 reconciliant
711 4175 841 4226 hominem
859 4175 926 4225 intra
944 4174 1077 4226 obsidem:
1097 4174 1188 4226 Graeci
1207 4174 1305 4226 nolunt
1338 4175 1390 4226 lie-

283 4261 428 4313 oonciiiaiio
447 4261 617 4324 penitentium
635 4261 661 4312 in
680 4274 759 4313 coena
779 4262 884 4313 Domini
901 4269 1000 4312 tanturn
1019 4268 1059 4313 est
1077 4261 1108 4311 ab
1131 4262 1266 4324 episcopo,
1286 4267 1311 4312 ei
1329 4275 1390 4314 coa·

283 4355 413 4400 summata
431 4348 586 4410 penitentia:
611 4349 634 4398 ei
653 4361 712 4400 vero
731 4351 851 4413 episcopo
871 4349 973 4399 difficile
991 4347 1039 4405 sit,
1062 4347 1209 4412 presbytero
1228 4353 1325 4412 potest.
1344 4359 1390 4399 ac·

283 4435 411 4486 cessionis
434 4445 528 4495 cause,
553 4435 676 4498 praebere
700 4441 853 4499 potestatem
877 4443 907 4486 ut
930 4435 1043 4499 implear.
1085 4435 1268 4487 Reconciliatio
1292 4435 1319 4486 in
1341 4435 1390 4486 hac

283 4521 417 4588 provincie
433 4531 485 4577 oon
504 4527 562 4586 αις
580 4523 641 4588 quia
659 4529 684 4574 et
701 4523 804 4586 punina
821 4524 962 4588 penitentia
978 4535 1031 4580 noc
1049 4529 1098 4576 est.
1115 4523 1145 4578 Ρ.
