3108 5098
711 301 761 378 05

186 506 249 566 vii.
266 519 358 565 annos
374 504 530 582 poeniteat.
560 501 701 564 Similiter
716 501 779 572 illa,
802 502 827 562 ai
842 501 1028 562 consentiens
1043 499 1149 560 astei-
1169 498 1288 562 sivero

184 607 275 668 iuvita
297 621 383 683 passa
405 607 467 676 eet,
489 603 556 664 llll.
578 619 669 664 annos
690 601 844 679 poeniteat.
888 605 915 672 5.
935 600 986 660 26.
1008 598 1040 659 Si
1061 599 1127 675 quis
1148 615 1217 658 oum
1239 598 1289 662 illa

183 705 311 766 faemina
340 705 465 764 scienter
491 704 671 781 peccaverit,
702 719 771 762 curn
800 717 857 776 qua
884 699 1005 763 forsitan
1033 697 1212 769 avunculus,
1239 699 1289 760 vel

183 805 258 867 alius
273 803 412 884 quislibet
433 805 665 880 cognatuseuua
686 800 905 862 fornicationem
921 798 1143 877 perpetraverit,
1165 797 1287 859 anathe-

184 906 340 966 matizetur
368 905 522 983 primitus,
551 901 654 962 deinde
683 900 748 961 Vll.
777 917 867 961 annos
895 900 1051 976 poeniteat.
1095 895 1236 976 Similiter
1257 902 1288 958 et
1358 933 1364 938 -
1408 991 1413 1000 Ι

184 1006 242 1078 illa,
268 1007 293 1066 ei
314 1004 496 1066 consentiens
517 1006 572 1064 eet.
615 1002 646 1064 si
666 1019 738 1064 vero
759 1000 849 1062 invita
872 1018 957 1077 pasca
978 1002 1033 1070 eat,
1057 999 1092 1058 V.
1113 998 1196 1060 annis
1218 1015 1288 1076 poe·

184 1108 284 1167 niteat.
317 1103 349 1168 Si
369 1122 441 1165 rere
462 1104 528 1182 quie
550 1105 714 1182 ignoranter
734 1102 832 1164 taliter
853 1101 1029 1179 peccaverit,
1051 1100 1086 1161 V.
1107 1116 1198 1160 annae
1219 1116 1288 1178 poe·

184 1206 293 1280 niteat,
314 1209 345 1266 et
365 1221 514 1282 nunquam
536 1221 569 1265 ee
590 1221 659 1265 cum
680 1201 786 1264 talibus
808 1200 935 1279 copulet.

533 1387 636 1444 xxi.
672 1389 719 1438 DE
738 1386 937 1440 Hoittciutie

247 1514 275 1581 5.
300 1510 327 1569 1.
359 1507 417 1580 Qui
438 1509 602 1586 voluntarie
628 1507 817 1568 homicidium
838 1505 977 1578 iecerint,
1007 1504 1201 1582 poenitentiae
1223 1506 1287 1581 qui-

183 1613 251 1670 dem
272 1607 378 1688 jugiter
398 1627 431 1668 se
445 1608 636 1680 submittant3
658 1609 735 1670 circa
750 1609 861 1668 exitum
876 1609 975 1667 autem
989 1607 1068 1668 ritae
1084 1606 1287 1666 communione

181 1711 261 1788 digni
283 1709 456 1770 habeantur.
493 1716 521 1782 §.
541 1710 572 1770 h.
594 1709 651 1783 Qui
673 1727 730 1769 non
752 1709 913 1770 voluntarie
934 1708 986 1768 aed
1007 1726 1077 1770 casu
1098 1706 1287 1767 homicidium

183 1810 411 1888 perpetraverit,
440 1809 476 1868 V.
500 1827 591 1869 annoe
617 1810 771 1886 poeniteat.
813 1813 841 1879 5.
865 1809 894 1870 3.
926 1807 1067 1869 Mulieres
1095 1825 1170 1884 quae
1197 1806 1287 1868 iorni·

182 1912 287 1970 cantur
314 1911 345 1968 et
370 1912 472 1986 partus
499 1927 568 1970 suos
595 1914 716 1980 necant,
748 1912 778 1968 et
805 1925 856 1968 eas
885 1925 961 1984 quae
989 1910 1080 1983 agunt
1101 1896 1221 1980 secum,
1253 1910 1288 1968 ut

182 2011 266 2069 utere
295 2012 449 2087 conceptos
480 2009 645 2082 excutiant,
677 2011 797 2088 antiqua
824 2009 943 2087 quidem
970 2008 1102 2068 diffinitio
1127 2026 1222 2086 usque
1249 2007 1288 2068 ad

181 2111 293 2170 exitum
315 2111 393 2171 vitae
415 2127 465 2169 eas
487 2109 523 2169 ah
546 2109 685 2171 aecclesia
699 2116 846 2181 removet3
869 2127 946 2170 nunc
961 2109 1119 2172 humanius
1133 2108 1286 2168 diffinitum

181 2211 243 2280 est,
270 2211 303 2268 ut
324 2205 363 2268 X.
386 2227 477 2270 annos
504 2211 677 2287 poeniteant.
721 2214 750 2280 §.
773 2209 803 2271 li.
832 2209 940 2271 Mulier
966 2213 1084 2288 partum
1109 2226 1197 2268 suum
1219 2211 1288 2269 ante

181 2309 245 2370 dies
267 2308 331 2369 XL.
354 2314 456 2388 sponte
483 2310 624 2389 perdens,
654 2327 763 2371 annum
791 2313 947 2390 poeniteat.
989 2309 1020 2371 Si
1041 2327 1112 2370 vero
1133 2311 1199 2388 post
1221 2306 1287 2367 XL.

182 2410 244 2470 dies
256 2408 296 2491 ¹),
320 2409 371 2470 tii.
394 2428 484 2471 annos
506 2411 668 2490 poeniteat!
698 2408 729 2471 Si
751 2429 822 2473 vero
843 2415 998 2491 postquam
1021 2411 1168 2472 animatus
1189 2408 1287 2480 luerit,

181 2509 265 2585 quasi
287 2509 447 2583 homicida,
475 2510 504 2569 id
528 2515 591 2585 eet,
620 2512 660 2572 X.
682 2529 792 2583 ann0s3
821 2512 873 2571 sed
901 2511 990 2572 distat
1016 2510 1158 2581 multum,
1185 2511 1286 2569 utrum

180 2609 373 2688 paupercula,
406 2629 459 2689 pro
484 2610 654 2672 difficultate
681 2610 844 2679 nutriendi,
872 2627 909 2670 an
930 2608 1099 2681 fornicaria,
1130 2624 1218 2669 eausa
1239 2609 1286 2669 eui

182 2708 301 2770 sceleris
325 2709 453 2781 celandi,
482 2709 577 2773 iaciat.
621 2709 701 2780 55.
731 2709 839 2770 Mulier
859 2710 884 2768 si
905 2707 1223 2770 voluntarieahortum
1244 2707 1287 2767 le-

180 2810 269 2882 cerit,
298 2807 337 2868 X.
364 2827 455 2871 annea
482 2807 674 2889 poeniteat2).
718 2812 747 2879 5.
772 2809 801 2868 6.
834 2807 941 2870 Mulier
969 2808 994 2868 ei
1022 2807 1158 2885 aliquem.
1179 2809 1287 2868 intere·

180 2911 268 2969 merit
289 2909 398 2970 malitia
420 2927 490 2982 aua,
512 2910 626 2983 idest,
649 2927 702 2989 per
722 2908 859 2986 poculum
881 2910 932 2970 aut
954 2925 1006 2985 per
1029 2910 1123 2968 artem
1145 2907 1286 2983 aliquam,

181 3007 296 3083 viiii)
319 3027 410 3071 ancos
431 3012 587 3090 poeniteat.
631 3009 662 3070 Si
684 3009 861 3089 paupercula
883 3011 944 3082 eet,
969 3010 1002 3069 V.
1025 3025 1115 3071 annos
1125 3005 1161 3092 ⁴).
1204 3013 1233 3080 §.
1256 3007 1285 3068 7.

179 3109 210 3170 si
232 3113 327 3172 mater
350 3110 441 3172 filium
464 3129 551 3172 snum
572 3112 729 3183 occiderit,
760 3110 830 3170 XV.
852 3127 944 3170 annos
966 3109 1129 3188 poeniteat,
1161 3112 1191 3168 et
1212 3127 1288 3170 nun·
1358 3153 1360 3162 .

180 3227 269 3287 quam
290 3214 398 3284 mutet,
421 3213 476 3272 nisi
497 3212 545 3272 die
566 3213 735 3284 Dominico,
757 3216 787 3270 et
808 3212 892 3272 iestis
914 3209 1026 3271 diebus.
1070 3213 1098 3284 5.
1114 3208 1144 3270 8.
1166 3209 1198 3272 Si
1221 3229 1287 3272 mu·

180 3310 235 3370 lier
263 3311 439 3390 paupercula
465 3310 559 3372 filium
587 3329 674 3372 suum
701 3311 858 3383 occiderit,
887 3309 952 3370 vii.
975 3327 1066 3372 annos
1092 3310 1286 3396 poenitenti).

181 3416 210 3482 §.
229 3409 257 3470 9.
280 3411 311 3472 Si
332 3413 398 3490 quie
419 3412 558 3473 occiderit
577 3413 764 3482 monachum,
786 3412 833 3472 uel
856 3411 1006 3484 clericum,
1027 3430 1110 3475 arma
1130 3412 1286 3490 relinquat,

180 3513 210 3569 et
231 3510 294 3572 Deo
322 3514 443 3576 aerriat.
483 3509 615 3585 Quodsi
636 3512 693 3573 hoc
713 3511 858 3585 noluerit,
890 3512 952 3573 vii.
975 3531 1065 3574 anuos
1087 3508 1284 3593 poenitent),
1328 3573 1331 3580 ,

251 3717 279 3786 1)
296 3723 331 3772 iit
348 3721 478 3774 homicida
496 3721 617 3784 peniteat.
637 3721 668 3772 Ν.

249 3809 279 3872 2)
296 3810 420 3864 Mulieres
438 3823 489 3872 quo
511 3809 655 3858 abortivum
675 3809 771 3860 iaciunt
789 3808 1060 3870 antequam-animam
1078 3808 1182 3868 habeat,
1202 3810 1222 3864 i.
1240 3821 1285 3860 an-

180 3911 256 3954 num,
276 3898 315 3948 vel
333 3897 381 3946 iii.
400 3897 500 3955 ΚΒΜ,
520 3896 559 3946 vei
578 3895 633 3946 XL.
650 3896 750 3952 diebus,
766 3895 837 3956 juxta
856 3895 1003 3958 qualitatem
1023 3896 1121 3957 culpae,
1141 3897 1284 3960 peniteant3

180 3992 205 4036 et
229 3991 333 4047 postea,
359 3983 385 4032 id
409 3989 448 4032 est
471 3989 530 4045 post
546 3983 601 4034 XL.
623 3984 677 4034 dies
701 3984 797 4046 accepti
822 3983 946 4039 seminis,
967 3989 995 4032 ut
1012 3983 1142 4036 homicida
1160 3985 1284 4047 peniteat,

179 4072 207 4122 id
226 4079 266 4124 eet
283 4072 330 4122 tii.
349 4082 431 4121 anuos
455 4071 482 4122 in
501 4069 574 4122 tiit·
597 4071 659 4122 teria
679 4078 703 4121 et
721 4071 768 4122 Vl.
788 4077 814 4122 et
830 4071 857 4122 in
875 4071 923 4122 111.
943 4068 1034 4124 iiiiii.
1066 4072 1124 4124 Hoc
1141 4073 1284 4126 secundum

180 4172 291 4210 canones
310 4158 463 4208 decennium
479 4159 617 4219 judicatur.
636 4160 666 4211 Ν.
684 4159 742 4208 add.

251 4247 277 4307 3)
297 4245 357 4298 vll.
376 4246 482 4308 Regino.
578 4293 582 4300 ,

184 4327 186 4332 ’
251 4334 278 4396 t)
297 4334 357 4386 1111.
375 4334 439 4396 itcg.

252 4420 281 4483 il)
300 4423 332 4472 in
350 4434 446 4473 canone
465 4422 571 4483 dieitur,
589 4424 613 4474 ei
631 4423 760 4476 homicida
778 4424 824 4484 sit,
843 4425 880 4478 X..
895 4436 976 4476 annos
993 4425 1112 4487 peniteat.
1131 4425 1163 4476 N.
1181 4422 1241 4474 add.

251 4509 277 4570 c)
297 4508 441 4569 injudicio
461 4511 573 4572 episcopi
593 4517 639 4562 est.
658 4513 689 4564 Ν.

221 4591 390 4646 manmena.
406 4595 604 4658 conterminiam
620 4599 640 4647 t.
654 4597 800 4658 tentilatio.
1056 4599 1084 4680 .5
