3094 5100
714 317 782 392 171

196 517 233 578 ad
259 517 389 576 sanctam
418 515 670 586 communionem,
702 516 731 574 et
760 513 784 573 ai
812 513 939 576 voluerit
968 531 1037 575 eum
1066 514 1139 575 deus
1166 515 1300 589 saluere,¹

194 614 304 693 jejunet
327 616 438 692 postea.

259 715 289 776 Si
311 717 409 774 autem
431 714 536 791 aliquis
557 714 826 775 excommunicatus
847 712 936 774 inerit
957 717 1091 775 mortuus
1112 716 1163 790 qui
1183 712 1242 792 jam
1264 717 1302 778 sit

180 814 347 876 confessus
368 817 399 872 et
420 831 476 874 non
498 815 642 886 occurrit,
672 814 723 873 sed
747 816 900 892 occupavit
924 833 992 875 eum
1018 833 1097 875 mors
1118 818 1181 875 sive
1203 818 1231 875 in
1253 816 1302 877 via

197 916 259 975 sire
281 915 309 972 in
332 913 435 984 domo,
463 917 489 974 ai
504 911 556 994 ¹¹⁰)
580 915 685 991 aliquis
707 932 742 973 ex
765 914 933 992 parentibus
956 913 1020 992 ejus
1044 919 1089 975 est
1115 935 1167 994 pro
1191 933 1226 974 eo
1249 915 1303 974 ali·

197 1013 265 1091 quid
286 1012 390 1074 offerat
412 1014 448 1078 ad
474 1017 605 1075 sanctum
631 1013 722 1076 altare
751 1031 784 1074 ac
812 1015 1041 1092 redemptionem
1066 1017 1246 1094 captivorum
1271 1017 1302 1074 et

197 1113 234 1176 ad
255 1114 562 1174 commemorationem
584 1115 680 1175 anime
703 1112 775 1190 ejus.

259 1212 382 1291 Propter
403 1212 623 1273 fornicationem
647 1217 746 1274 autem
771 1213 854 1274 multi
879 1215 1013 1274 nesciunt
1036 1232 1192 1275 numerum
1216 1213 1304 1275 muli-

197 1331 295 1384 emm,
317 1330 383 1373 cum
406 1312 513 1391 quibus
533 1312 668 1398 fornicati
690 1317 776 1384 sunt,
797 1312 840 1372 illl
859 1311 989 1390 jejunent
1011 1313 1188 1376 ebdomadas
1210 1315 1244 1375 L.

259 1410 291 1471 Si
318 1414 383 1488 quis
411 1431 463 1491 per
489 1415 693 1473 necessitatem
718 1412 861 1473 furaverit
885 1412 1003 1490 cybaria
1027 1413 1074 1473 rel
1097 1417 1213 1476 vestem
1240 1414 1303 1475 sive

198 1511 415 1589 quadrupedem
437 1531 490 1589 per
512 1512 620 1572 iamem
641 1515 691 1574 aut
713 1529 766 1591 per
787 1512 965 1578 nuditatem.
992 1513 1032 1572 illi
1053 1516 1139 1596 uenia
1163 1513 1248 1576 datur
1273 1517 1303 1572 et

199 1607 305 1688 jejunet
325 1610 501 1673 ebdomadas
523 1611 579 1683 lv,
601 1613 627 1671 ai
648 1610 806 1671 reddiderit
827 1629 883 1670 non
905 1616 1026 1686 cogatur
1043 1609 1185 1688 jejunare.

260 1707 292 1768 Si
314 1711 381 1786 quis
403 1710 546 1772 caballum
568 1714 618 1772 aut
639 1710 745 1773 bovem
766 1713 817 1770 aut
833 1710 1000 1788 jumentum
1019 1698 1066 1770 'vel
1084 1729 1202 1771 vaccam
1225 1710 1305 1771 fura·

197 1809 288 1878 verit,
311 1811 374 1868 sive
396 1809 515 1888 cybaria
537 1813 587 1870 aut
609 1825 731 1888 pecora,
755 1812 805 1885 qui
826 1812 918 1870 totam
940 1808 1081 1870 familiam
1103 1811 1209 1883 nulrit,
1228 1808 1305 1887 jeju-

198 1911 423 1987 mmmm.

260 2006 291 2068 Si
312 2009 425 2070 mulier·
439 2007 570 2070 suaderit
591 1993 711 2069 alterius
732 2007 864 2069 mulieris
888 2009 1045 2080 maritum,
1073 2009 1111 2069 sit
1136 2025 1306 2070 excommu-

198 2108 293 2168 nicata
314 2126 332 2169 a
353 2106 527 2170 christianis.
1126 2113 1128 2118 '

261 2204 292 2266 Si
313 2208 380 2282 quis
400 2203 550 2268 canis'aut
568 2205 665 2284 vulpis
686 2207 749 2268 sive
770 2207 908 2285 accipiter
922 2203 973 2288 Ψ)
996 2206 1237 2269 mortificaverint
1252 2213 1306 2268 seri

199 2304 236 2363 de
257 2303 353 2383 lapide
373 2309 522 2366 mortuum
545 2305 633 2366 luerit
657 2305 713 2366 bec
735 2308 832 2368 omnia
859 2305 1000 2367 sullocata
1027 2311 1111 2379 sunt,
1141 2325 1196 2368 uon
1221 2325 1305 2367 man·

200 2403 337 2476 ducetur,
359 2409 389 2464 et
410 2407 460 2482 qui
481 2405 654 2475 manducat,
673 2404 784 2482 jejunet
805 2404 981 2467 ebdomadas
1003 2406 1054 2468 Vl.

149 2571 152 2574 ,
260 2502 290 2564 Si
319 2493 384 2581 quis
412 2505 447 2564 de
474 2507 580 2581 sagitta
606 2506 782 2584 percusserit
811 2523 932 2564 cervum
956 2506 1019 2565 sive
1043 2505 1120 2567 aliud
1144 2505 1250 2566 animal
1275 2509 1306 2564 et

200 2609 265 2682 post
281 2606 400 2665 tertium
420 2605 496 2666 diem
516 2607 668 2665 inventum
686 2604 774 2666 fuerit
792 2608 821 2663 et
841 2604 959 2666 lorsitau
976 2624 1013 2664 ex
1031 2622 1066 2664 eo
1082 2623 1186 2676 ursus,
1209 2605 1304 2682 lupus,

201 2705 295 2774 canis,
318 2705 414 2782 vulpis
436 2707 613 2782 gustaverit,
636 2707 684 2783 qui
708 2706 880 2777 manducat,
901 2703 1013 2782 jejunet
1035 2704 1211 2766 ebdomadas
1232 2703 1285 2764 lv.·

261 2802 292 2864 Si
313 2805 418 2880 gallina
440 2807 468 2865 r'u
490 2809 578 2884 puteo
599 2809 714 2867 mortua
736 2804 825 2866 inerit
847 2806 978 2878 inventa,
1001 2809 1107 2883 puteus
1129 2808 1304 2876 evacuetur,

201 2903 225 2962 si
248 2905 342 2964 sciens
364 2922 401 2963 ex
422 2923 457 2964 eo
479 2903 568 2976 bibit,
591 2904 646 2964 Vll
670 2905 731 2964 dies
750 2901 868 2981 jejunet.
1008 2907 1009 2912 ’

261 3003 291 3063 Si
321 3005 408 3082 piscis
438 3008 572 3064 mortuus
602 3003 691 3064 luerit
707 3005 747 3080 uin
776 3005 902 3082 piscina,
935 3021 991 3062 non
1021 3001 1230 3077 manducetur,
1253 3004 1304 3081 qui

201 3101 372 3171 manducat,
393 3102 501 3181 jejunet
523 3103 698 3166 ebdomadas
719 3102 769 3163 lv'.
922 3167 923 3170 Ἴ

260 3201 292 3263 Si
321 3205 386 3280 quis
414 3204 539 3264 voluerit
569 3221 621 3280 pro
651 3206 746 3263 anima
777 3221 830 3263 sua
859 3202 929 3262 dare
959 3201 1159 3281 elemosynam
1192 3194 1242 3261 de
1258 3201 1305 3261 his

200 3305 330 3382 pecuniis
358 3323 430 3382 quoe
449 3287 573 3381 'iuuant
589 3302 640 3383 ιιι)
662 3303 699 3362 de
721 3303 842 3381 praeda,
873 3305 898 3362 si
921 3301 983 3379 jam
1009 3306 1068 3380 egit
1095 3303 1312 3382 penitentiam,

159 3437 162 3442 ·
199 3405 375 3483 potestatem
396 3403 492 3466 habet.
1174 3417 1176 3424 “

713 3605 784 3675 XL.

500 3771 502 3776 ’
559 3757 598 3808 Dc
613 3755 711 3816 jejumo
731 3745 944 3803 commendando.

263 3886 323 3962 Qui
342 3843 529 3971 vero-potest
548 3878 696 3970 jejunare,
724 3888 801 3966 quod
820 3888 850 3946 ei
874 3886 1043 3965 impositum
1065 3888 1126 3958 est,
1154 3885 1212 3946 noli
1234 3903 1302 3964 pro·

199 3985 315 4063 hibere,
338 3991 389 4050 sed
409 3991 540 4070 permitto
555 3989 616 4071 ιι3).
651 3991 746 4067 Magis
768 3989 846 4047 enirn
866 3986 1001 4050 laudandi
1022 3988 1092 4046 sunt
1113 3985 1161 4060 bi,
1182 3987 1232 4063 qui
1254 4003 1302 4046 ce-

252 4247 576 4309 mwmffldm

253 4335 315 4396 111)
335 4335 398 4386 cod.
418 4335 469 4385 1111
490 4339 614 4394 acceptor.

253 4421 314 4482 112)
334 4421 397 4472 (lod.
417 4421 467 4473 151
487 4419 557 4482 quod
575 4417 629 4468 fult

254 4507 315 4572 11³)
334 4507 399 4560 cod.
417 4507 468 4558 151
487 4506 619 4570 pormlolc
