3108 5098
775 355 826 438 11
932 457 937 463 ι

246 535 298 620 u.
320 553 405 631 Quod
427 576 482 619 uon
504 557 590 622 ineu
611 561 731 624 orturus
752 567 889 640 111111
910 557 947 623 sn
967 559 1145 646 marinoni
1159 558 1226 638 jura
1240 560 1349 622 11111.

246 652 297 718 11.
319 656 364 718 De
385 657 560 738 raptoribus.

129 825 132 830 ,
245 754 784 842 mmmmmmwm

246 855 296 916 ii.
317 855 363 917 ito
383 857 558 936 disponsatis
579 860 684 939 pusilis
706 864 736 921 et
757 860 793 922 nb
815 859 879 922 otiis
900 859 1056 937 corruptis.

246 953 296 1016 18.
318 954 363 1016 its
384 957 546 1034 virginibus
566 960 672 1022 uelutis
694 961 719 1020 si
740 953 932 1022 deviaverint.

244 1043 295 1116 10.
317 1055 363 1116 ne
384 1057 546 1134 virginibus
567 1059 695 1121 nondum
715 1060 830 1122 relatis·
843 1057 896 1120 sed
917 1051 1080 1137 propositis,

243 1154 295 1217 10.
316 1155 361 1216 De
375 1156 422 1218 his
436 1159 487 1236 qui
501 1161 641 1236 proximis
658 1179 690 1221 se
705 1159 842 1240 copulant
856 1161 890 1220 ut
908 1177 925 1220 1
940 1152 1144 1218 commuuione
1161 1159 1348 1235 sopirentur.

242 1253 295 1316 11.
317 1253 477 1333 Gregorius
498 1259 535 1318 de
556 1261 686 1322 incestis.

242 1353 294 1416 11.
316 1355 362 1416 De
383 1357 554 1418 multinubis
576 1362 606 1419 et
627 1360 663 1420 de
685 1357 860 1422 abstinentis
880 1359 937 1421 tiri
958 1371 992 1419 nc
1014 1357 1150 1418 seminus.

242 1454 295 1516 13.
317 1455 362 1516 Ite
383 1455 429 1518 bis
452 1459 502 1535 qui
523 1460 715 1520 divinationes
737 1461 887 1538 expetunt.

242 1547 294 1616 11.
317 1551 403 1629 Quod
424 1573 480 1617 non
501 1557 588 1622 licent
609 1547 775 1620 christianis
795 1558 1015 1622 observationes
1036 1555 1169 1620 divense
1185 1553 1346 1618 attendere.

242 1653 295 1717 es.
316 1655 362 1716 De
383 1657 521 1733 auguriis.

138 1793 145 1812 .
241 1754 294 1817 16.
316 1755 361 1818 Dc
382 1755 519 1835 perjurio.

147 1869 149 1876 ’
243 1855 295 1918 17.
317 1856 363 1917 De
383 1855 473 1918 furtu.

241 1953 292 2018 18.
314 1953 359 2015 Dc
380 1954 461 2018 istsis
482 1955 616 2019 testibus.

242 2052 294 2114 10.
316 2054 362 2115 De
382 2054 622 2118 dieoordsntibus.

242 2151 292 2214 30.
313 2151 358 2213 De
379 2151 426 2215 his
448 2155 498 2232 qui
519 2173 572 2234 per
592 2155 691 2216 odium
712 2155 749 2217 ad
770 2171 873 2234 pacem
895 2171 951 2213 non
972 2151 1170 2213 revertuntur.

241 2249 292 2314 si.
314 2251 359 2314 De
379 2253 426 2316 his
447 2255 498 2332 qui
519 2258 701 2316 sacramento
722 2272 754 2315 se
776 2247 905 2332 obligent
926 2271 963 2312 ne
984 2251 1020 2313 ad
1041 2269 1144 2331 pacem
1165 2249 1294 2313 redeunt:

243 2351 294 2414 31.
316 2349 402 2426 Quod
423 2371 544 2416 usuram
566 2354 631 2414 isici
652 2353 802 2414 christiani
824 2355 941 2429 exigere
962 2370 1018 2412 non
1039 2350 1156 2410 debent.

302 2475 465 2557 Hucusque
491 2479 529 2540 de
557 2477 727 2540 criminibus
748 2477 888 2541 laicorum
910 2453 1158 2554 quemadmodum
1178 2473 1207 2533 iu
1229 2474 1346 2536 cunoni·

241 2575 298 2640 bus
328 2581 509 2642 continentur
529 2578 684 2640 collectum
706 2580 768 2650 cst,
798 2595 876 2639 nunc
895 2594 967 2640 vero
988 2575 1026 2638 ad
1044 2571 1152 2653 judicia
1173 2572 1346 2636 clericorum

239 2677 450 2741 treuseuudum
473 2681 527 2740 est.
1321 2727 1322 2730 ,

301 2777 380 2840 Finit
407 2778 481 2839 liber
509 2779 664 2841 secundus.
707 2775 851 2859 incipiunt
878 2773 997 2854 regulae
1024 2775 1061 2835 de
1086 2773 1229 2835 ministris
1249 2771 1343 2834 eccle-

239 2878 301 2942 riso
322 2879 348 2940 si
369 2879 561 2944 deviaverint.
1257 2869 1259 2873 ’

706 3027 806 3078 Liber
830 3027 876 3078 111.

261 3139 290 3200 1.
311 3136 357 3199 De
377 3120 557 3218 presbpteris
578 3141 630 3219 cpui
650 3147 758 3200 uxores
778 3139 956 3218 deceperunt
975 3135 1023 3199 sei
1045 3134 1178 3199 iornicnti
1199 3135 1277 3198 sunt.

258 3237 288 3299 9.
311 3237 354 3298 De
375 3239 544 3302 diaconibus
565 3237 707 3302 similiter.
1040 3261 1044 3268 ·

260 3329 288 3398 s.
311 3329 357 3400 ite
384 3333 431 3400 his
456 3341 507 3418 qui
528 3340 565 3401 od
586 3338 794 3420 presbiterium
814 3341 1025 3420 premerentur
1045 3341 1076 3398 et
1097 3339 1165 3398 ente
1185 3333 1342 3400 ordinatio-

174 3510 181 3528 ,
321 3455 388 3500 nem
410 3442 596 3518 peccatorum
618 3438 674 3500 sibi
695 3441 764 3500 sunt
785 3439 906 3500 consciis

258 3529 288 3601 b.
310 3537 355 3600 ue
376 3532 565 3601 fornicatione
586 3541 614 3601 in
636 3553 744 3601 oenone
765 3539 960 3620 apostotorum
982 3541 1013 3600 et
1033 3537 1139 3600 ceteris
1159 3533 1259 3600 rebus.

257 3637 288 3702 5.
310 3636 354 3698 De
375 3637 499 3702 diversis
519 3639 669 3702 ordinibus
690 3632 726 3702 ab
747 3638 887 3701 uxoribus
907 3637 1096 3699 rbstiirsndis.

255 3731 288 3800 0.
308 3729 395 3813 Quod
417 3737 583 3810 secerdotes
604 3744 634 3800 et
652 3739 759 3803 istitse
772 3749 841 3801 cirin
855 3735 1027 3800 mutieribus
1041 3737 1119 3800 coire
1133 3754 1190 3798 non
1204 3733 1339 3798 debeant.

255 3835 287 3898 7.
307 3835 354 3898 De
375 3837 581 3902 incontinentia
602 3840 789 3903 secerdotum
809 3837 857 3901 vei
877 3837 1044 3902 levitarum.

136 3971 140 3980 ·
254 3927 286 3998 8.
307 3930 353 3997 De
374 3931 601 4002 subintroductis
622 3937 804 4000 mutieribus.

254 4033 286 4099 s.
307 4029 354 4099 be
375 4027 489 4101 ciericis
508 4050 616 4102 usuras
636 4037 854 4119 accipientibus.

234 4137 286 4200 10.
307 4133 345 4198 Ut
366 4137 463 4200 unitus
484 4138 639 4218 presbyter
659 4141 689 4200 st
710 4137 847 4200 diaconus
868 4135 1026 4200 conductor
1047 4137 1154 4201 existat
1173 4141 1205 4198 et
1224 4139 1259 4199 nt
1279 4136 1339 4199 cle·

317 4238 370 4298 rici
391 4236 556 4300 abstineant
578 4249 611 4300 sc
632 4237 668 4299 ab
689 4235 798 4300 usuris.

234 4327 285 4399 ri.
306 4327 345 4398 in
366 4335 464 4397 cierici
485 4333 533 4400 vel
550 4334 729 4399 continentes
743 4335 780 4399 nd
794 4337 923 4416 virgines
936 4337 984 4401 sei
998 4337 1102 4402 viduis
1116 4349 1174 4399 non
1188 4335 1338 4401 11111111.

234 4425 285 4497 ib.
303 4425 352 4497 bo
366 4431 479 4496 tiericis
493 4435 541 4498 rei
556 4431 708 4497 monachis
721 4447 778 4497 non
789 4429 976 4500 minustibus
990 4435 1019 4498 in
1034 4455 1089 4500 suo
1102 4438 1260 4517 proposito.

233 4533 286 4598 11.
306 4533 353 4598 Ite
373 4535 524 4598 monacbis
544 4533 593 4602 rei
613 4533 774 4613 virginibus
795 4533 977 4618 propositum
997 4547 1056 4601 noir
1075 4535 1272 4602 serventibus.
