<?xml version="1.0" encoding="UTF-8"?>
<!DOCTYPE html PUBLIC "-//W3C//DTD XHTML 1.0 Transitional//EN"
    "http://www.w3.org/TR/xhtml1/DTD/xhtml1-transitional.dtd">
<html xmlns="http://www.w3.org/1999/xhtml" xml:lang="en" lang="en">
 <head>
  <title>
</title>
<meta http-equiv="Content-Type" content="text/html;charset=utf-8" />
  <meta name='ocr-system' content='tesseract 3.04.00' />
  <meta name='ocr-capabilities' content='ocr_page ocr_carea ocr_par ocr_line ocrx_word'/>
</head>
<body>
  <div class='ocr_page' id='page_1' title='image "./dielateinischen00kunsgoog_0148.png"; bbox 0 0 3094 5100; ppageno 0'>
   <div class='ocr_carea' id='block_1_1' title="bbox 820 363 990 478">
    <p class='ocr_par' dir='ltr' id='par_1_1' title="bbox 820 363 990 478">
     <span class='ocr_line' id='line_1_1' title="bbox 820 363 990 478; baseline -0.006 -36"><span class='ocrx_word' id='word_1_1' title='bbox 820 363 891 442; x_wconf 79' lang='lat' dir='ltr'>rar</span> <span class='ocrx_word' id='word_1_2' title='bbox 986 472 990 478; x_wconf 15' lang='grc' dir='ltr'>Ι</span> 
     </span>
    </p>
   </div>
   <div class='ocr_carea' id='block_1_2' title="bbox 248 563 1409 744">
    <p class='ocr_par' dir='ltr' id='par_1_2' title="bbox 248 563 1409 744">
     <span class='ocr_line' id='line_1_2' title="bbox 248 563 1409 643; baseline 0.001 -16"><span class='ocrx_word' id='word_1_3' title='bbox 248 564 309 628; x_wconf 80' lang='lat'>57-</span> <span class='ocrx_word' id='word_1_4' title='bbox 347 563 396 627; x_wconf 81' lang='lat' dir='ltr'>-Si</span> <span class='ocrx_word' id='word_1_5' title='bbox 423 563 506 643; x_wconf 89' lang='lat' dir='ltr'>cujus</span> <span class='ocrx_word' id='word_1_6' title='bbox 531 580 606 626; x_wconf 87' lang='lat' dir='ltr'>uxor</span> <span class='ocrx_word' id='word_1_7' title='bbox 632 564 771 628; x_wconf 81' lang='lat' dir='ltr'>fornicata</span> <span class='ocrx_word' id='word_1_8' title='bbox 798 565 872 639; x_wconf 87' lang='lat' dir='ltr'>luit,</span> <span class='ocrx_word' id='word_1_9' title='bbox 900 564 969 626; x_wconf 88' lang='lat' dir='ltr'>licet</span> <span class='ocrx_word' id='word_1_10' title='bbox 994 563 1144 628; x_wconf 77' lang='lat' dir='ltr'>dimittere</span> <span class='ocrx_word' id='word_1_11' title='bbox 1170 581 1237 630; x_wconf 90' lang='lat' dir='ltr'>eam</span> <span class='ocrx_word' id='word_1_12' title='bbox 1263 569 1296 627; x_wconf 91' lang='lat' dir='ltr'>et</span> <span class='ocrx_word' id='word_1_13' title='bbox 1319 565 1409 630; x_wconf 88' lang='lat' dir='ltr'>aliam</span> 
     </span>
     <span class='ocr_line' id='line_1_3' title="bbox 300 665 734 744; baseline -0.002 -16"><span class='ocrx_word' id='word_1_14' title='bbox 300 677 356 728; x_wconf 79' lang='lat' dir='ltr'>uo&#39;n</span> <span class='ocrx_word' id='word_1_15' title='bbox 379 667 522 744; x_wconf 88' lang='lat' dir='ltr'>accipere.</span> <span class='ocrx_word' id='word_1_16' title='bbox 733 665 734 668; x_wconf 71' lang='grc'>’</span> 
     </span>
    </p>
   </div>
   <div class='ocr_carea' id='block_1_3' title="bbox 125 763 1409 841">
    <p class='ocr_par' dir='ltr' id='par_1_3' title="bbox 125 763 1409 841">
     <span class='ocr_line' id='line_1_4' title="bbox 125 763 1409 841; baseline -0.001 -13"><span class='ocrx_word' id='word_1_17' title='bbox 125 792 131 801; x_wconf 61' lang='grc'><strong>’</strong></span> <span class='ocrx_word' id='word_1_18' title='bbox 246 765 287 828; x_wconf 82' lang='grc'>58</span> <span class='ocrx_word' id='word_1_19' title='bbox 303 791 321 796; x_wconf 94' lang='grc'>··</span> <span class='ocrx_word' id='word_1_20' title='bbox 363 763 480 828; x_wconf 87' lang='lat' dir='ltr'>Mulieri</span> <span class='ocrx_word' id='word_1_21' title='bbox 501 783 557 826; x_wconf 91' lang='lat' dir='ltr'>non</span> <span class='ocrx_word' id='word_1_22' title='bbox 580 767 625 826; x_wconf 91' lang='lat' dir='ltr'>est</span> <span class='ocrx_word' id='word_1_23' title='bbox 644 763 774 840; x_wconf 91' lang='lat' dir='ltr'>licitum,</span> <span class='ocrx_word' id='word_1_24' title='bbox 801 767 900 828; x_wconf 80' lang='lat' dir='ltr'>virum</span> <span class='ocrx_word' id='word_1_25' title='bbox 924 780 1011 828; x_wconf 90' lang='lat' dir='ltr'>suum</span> <span class='ocrx_word' id='word_1_26' title='bbox 1035 765 1198 841; x_wconf 77' lang='lat' dir='ltr'><strong>dimittere,</strong></span> <span class='ocrx_word' id='word_1_27' title='bbox 1224 765 1294 826; x_wconf 87' lang='lat' dir='ltr'>licet</span> <span class='ocrx_word' id='word_1_28' title='bbox 1317 764 1409 827; x_wconf 84' lang='lat' dir='ltr'>iorni-</span> 
     </span>
    </p>
   </div>
   <div class='ocr_carea' id='block_1_4' title="bbox 200 864 1409 2952">
    <p class='ocr_par' dir='ltr' id='par_1_4' title="bbox 235 864 1214 945">
     <span class='ocr_line' id='line_1_5' title="bbox 235 864 1214 945; baseline 0.001 -18"><span class='ocrx_word' id='word_1_29' title='bbox 235 865 241 879; x_wconf 84' lang='lat'>’</span> <span class='ocrx_word' id='word_1_30' title='bbox 300 870 399 940; x_wconf 90' lang='lat' dir='ltr'>catur,</span> <span class='ocrx_word' id='word_1_31' title='bbox 422 867 477 926; x_wconf 89' lang='lat' dir='ltr'>nisi</span> <span class='ocrx_word' id='word_1_32' title='bbox 498 864 574 925; x_wconf 90' lang='lat' dir='ltr'>lorte</span> <span class='ocrx_word' id='word_1_33' title='bbox 594 882 648 943; x_wconf 89' lang='lat' dir='ltr'>per</span> <span class='ocrx_word' id='word_1_34' title='bbox 668 867 896 940; x_wconf 90' lang='lat' dir='ltr'>monasterium,</span> <span class='ocrx_word' id='word_1_35' title='bbox 923 867 1051 928; x_wconf 86' lang='lat' dir='ltr'>Basilius·</span> <span class='ocrx_word' id='word_1_36' title='bbox 1066 866 1214 945; x_wconf 83' lang='lat' dir='ltr'>judicavit</span> 
     </span>
    </p>

    <p class='ocr_par' dir='ltr' id='par_1_5' title="bbox 200 962 1409 1430">
     <span class='ocr_line' id='line_1_6' title="bbox 200 962 1409 1045; baseline 0.002 -19"><span class='ocrx_word' id='word_1_37' title='bbox 200 1015 203 1026; x_wconf 77' lang='grc'><strong>,</strong></span> <span class='ocrx_word' id='word_1_38' title='bbox 245 962 286 1027; x_wconf 79' lang='grc'>59</span> <span class='ocrx_word' id='word_1_39' title='bbox 360 967 390 1028; x_wconf 90' lang='lat' dir='ltr'>Si</span> <span class='ocrx_word' id='word_1_40' title='bbox 412 967 478 1045; x_wconf 89' lang='lat' dir='ltr'>quis</span> <span class='ocrx_word' id='word_1_41' title='bbox 498 967 545 1028; x_wconf 85' lang='lat' dir='ltr'>vir</span> <span class='ocrx_word' id='word_1_42' title='bbox 566 982 688 1026; x_wconf 85' lang='lat' dir='ltr'>uxorem</span> <span class='ocrx_word' id='word_1_43' title='bbox 710 983 794 1027; x_wconf 92' lang='lat' dir='ltr'>suam</span> <span class='ocrx_word' id='word_1_44' title='bbox 817 965 961 1028; x_wconf 79' lang='lat' dir='ltr'>invenerit</span> <span class='ocrx_word' id='word_1_45' title='bbox 982 966 1189 1042; x_wconf 77' lang='lat' dir='ltr'><strong>adulteratam,</strong></span> <span class='ocrx_word' id='word_1_46' title='bbox 1215 969 1245 1028; x_wconf 89' lang='lat' dir='ltr'>et</span> <span class='ocrx_word' id='word_1_47' title='bbox 1265 984 1321 1027; x_wconf 92' lang='lat' dir='ltr'>non</span> <span class='ocrx_word' id='word_1_48' title='bbox 1343 966 1409 1028; x_wconf 85' lang='lat' dir='ltr'>vult</span> 
     </span>
     <span class='ocr_line' id='line_1_7' title="bbox 298 1065 1408 1144; baseline 0 -16"><span class='ocrx_word' id='word_1_49' title='bbox 298 1068 445 1129; x_wconf 78' lang='lat' dir='ltr'>dimittere</span> <span class='ocrx_word' id='word_1_50' title='bbox 467 1071 548 1136; x_wconf 88' lang='lat' dir='ltr'>eam,</span> <span class='ocrx_word' id='word_1_51' title='bbox 574 1065 676 1125; x_wconf 92' lang='lat' dir='ltr'>sedin</span> <span class='ocrx_word' id='word_1_52' title='bbox 698 1067 884 1128; x_wconf 88' lang='lat' dir='ltr'>matrimonio</span> <span class='ocrx_word' id='word_1_53' title='bbox 906 1084 961 1128; x_wconf 86' lang='lat' dir='ltr'>suo</span> <span class='ocrx_word' id='word_1_54' title='bbox 981 1065 1091 1127; x_wconf 89' lang='lat' dir='ltr'>habere</span> <span class='ocrx_word' id='word_1_55' title='bbox 1113 1086 1195 1140; x_wconf 89' lang='lat' dir='ltr'>eam,</span> <span class='ocrx_word' id='word_1_56' title='bbox 1221 1085 1312 1144; x_wconf 90' lang='lat' dir='ltr'>annos</span> <span class='ocrx_word' id='word_1_57' title='bbox 1333 1067 1408 1128; x_wconf 88' lang='lat' dir='ltr'>duos</span> 
     </span>
     <span class='ocr_line' id='line_1_8' title="bbox 297 1163 1407 1249; baseline -0.001 -20"><span class='ocrx_word' id='word_1_58' title='bbox 297 1169 463 1249; x_wconf 86' lang='lat' dir='ltr'>poeniteat,</span> <span class='ocrx_word' id='word_1_59' title='bbox 488 1169 518 1226; x_wconf 86' lang='lat' dir='ltr'>et</span> <span class='ocrx_word' id='word_1_60' title='bbox 537 1163 645 1244; x_wconf 87' lang='lat' dir='ltr'>jejunia</span> <span class='ocrx_word' id='word_1_61' title='bbox 667 1170 696 1227; x_wconf 92' lang='lat' dir='ltr'>et</span> <span class='ocrx_word' id='word_1_62' title='bbox 716 1165 909 1246; x_wconf 88' lang='lat' dir='ltr'>repletioues;</span> <span class='ocrx_word' id='word_1_63' title='bbox 938 1169 989 1228; x_wconf 89' lang='lat' dir='ltr'>aut</span> <span class='ocrx_word' id='word_1_64' title='bbox 1010 1167 1150 1244; x_wconf 78' lang='lat' dir='ltr'>quamdiu</span> <span class='ocrx_word' id='word_1_65' title='bbox 1173 1167 1237 1246; x_wconf 89' lang='lat' dir='ltr'>ipse</span> <span class='ocrx_word' id='word_1_66' title='bbox 1258 1168 1407 1247; x_wconf 74' lang='lat' dir='ltr'>peniteat,</span> 
     </span>
     <span class='ocr_line' id='line_1_9' title="bbox 298 1263 1408 1348; baseline -0.004 -17"><span class='ocrx_word' id='word_1_67' title='bbox 298 1268 443 1332; x_wconf 87' lang='lat' dir='ltr'>abstineat</span> <span class='ocrx_word' id='word_1_68' title='bbox 471 1284 504 1327; x_wconf 90' lang='lat' dir='ltr'>se</span> <span class='ocrx_word' id='word_1_69' title='bbox 530 1285 549 1327; x_wconf 90' lang='lat' dir='ltr'>a</span> <span class='ocrx_word' id='word_1_70' title='bbox 574 1267 793 1328; x_wconf 80' lang='lat' dir='ltr'>matrimonium</span> <span class='ocrx_word' id='word_1_71' title='bbox 822 1263 902 1344; x_wconf 86' lang='lat' dir='ltr'>ejus,</span> <span class='ocrx_word' id='word_1_72' title='bbox 932 1268 1001 1344; x_wconf 89' lang='lat' dir='ltr'>quia</span> <span class='ocrx_word' id='word_1_73' title='bbox 1025 1267 1199 1329; x_wconf 84' lang='lat' dir='ltr'>adulterium</span> <span class='ocrx_word' id='word_1_74' title='bbox 1225 1266 1273 1328; x_wconf 92' lang='lat' dir='ltr'>illa</span> <span class='ocrx_word' id='word_1_75' title='bbox 1301 1285 1408 1348; x_wconf 88' lang='lat' dir='ltr'>perpe·</span> 
     </span>
     <span class='ocr_line' id='line_1_10' title="bbox 297 1369 682 1430; baseline -0.01 -2"><span class='ocrx_word' id='word_1_76' title='bbox 297 1369 437 1430; x_wconf 86' lang='lat' dir='ltr'>traverat.</span> <span class='ocrx_word' id='word_1_77' title='bbox 677 1369 682 1378; x_wconf 86' lang='grc'><strong>’</strong></span> 
     </span>
    </p>

    <p class='ocr_par' dir='ltr' id='par_1_6' title="bbox 244 1463 1406 1643">
     <span class='ocr_line' id='line_1_11' title="bbox 244 1463 1406 1540; baseline 0.003 -15"><span class='ocrx_word' id='word_1_78' title='bbox 244 1463 287 1530; x_wconf 87' lang='grc'>60</span> <span class='ocrx_word' id='word_1_79' title='bbox 360 1467 479 1530; x_wconf 87' lang='lat' dir='ltr'>Mulieri</span> <span class='ocrx_word' id='word_1_80' title='bbox 507 1485 565 1528; x_wconf 91' lang='lat' dir='ltr'>non</span> <span class='ocrx_word' id='word_1_81' title='bbox 595 1470 641 1527; x_wconf 90' lang='lat' dir='ltr'>est</span> <span class='ocrx_word' id='word_1_82' title='bbox 669 1465 800 1540; x_wconf 91' lang='lat' dir='ltr'>licitum,</span> <span class='ocrx_word' id='word_1_83' title='bbox 830 1467 933 1529; x_wconf 79' lang='lat' dir='ltr'>votum</span> <span class='ocrx_word' id='word_1_84' title='bbox 960 1483 1071 1533; x_wconf 76' lang='lat' dir='ltr'>vovere</span> <span class='ocrx_word' id='word_1_85' title='bbox 1100 1467 1163 1528; x_wconf 88' lang='lat' dir='ltr'>siue</span> <span class='ocrx_word' id='word_1_86' title='bbox 1193 1466 1310 1528; x_wconf 88' lang='lat' dir='ltr'>llceutia</span> <span class='ocrx_word' id='word_1_87' title='bbox 1339 1469 1406 1532; x_wconf 85' lang='lat' dir='ltr'>viri.</span> 
     </span>
     <span class='ocr_line' id='line_1_12' title="bbox 298 1557 783 1643; baseline -0.01 -12"><span class='ocrx_word' id='word_1_88' title='bbox 298 1567 329 1631; x_wconf 91' lang='lat' dir='ltr'>Si</span> <span class='ocrx_word' id='word_1_89' title='bbox 350 1566 480 1641; x_wconf 78' lang='lat' dir='ltr'>voverit,</span> <span class='ocrx_word' id='word_1_90' title='bbox 504 1557 656 1627; x_wconf 91' lang='lat' dir='ltr'>dimitendi</span> <span class='ocrx_word' id='word_1_91' title='bbox 677 1568 783 1643; x_wconf 87' lang='lat' dir='ltr'>potest.</span> 
     </span>
    </p>

    <p class='ocr_par' dir='ltr' id='par_1_7' title="bbox 243 1662 1407 1946">
     <span class='ocr_line' id='line_1_13' title="bbox 243 1662 1407 1745; baseline 0.005 -21"><span class='ocrx_word' id='word_1_92' title='bbox 243 1662 281 1728; x_wconf 86' lang='grc'>61</span> <span class='ocrx_word' id='word_1_93' title='bbox 359 1668 390 1730; x_wconf 92' lang='lat' dir='ltr'>Si</span> <span class='ocrx_word' id='word_1_94' title='bbox 411 1668 518 1729; x_wconf 87' lang='lat' dir='ltr'>mulier</span> <span class='ocrx_word' id='word_1_95' title='bbox 538 1667 746 1728; x_wconf 84' lang='lat' dir='ltr'>discesserita</span> <span class='ocrx_word' id='word_1_96' title='bbox 771 1665 835 1728; x_wconf 80' lang='lat' dir='ltr'>viro</span> <span class='ocrx_word' id='word_1_97' title='bbox 860 1683 931 1739; x_wconf 90' lang='lat' dir='ltr'>suo,</span> <span class='ocrx_word' id='word_1_98' title='bbox 958 1664 1112 1745; x_wconf 80' lang='lat' dir='ltr'>dispiciens</span> <span class='ocrx_word' id='word_1_99' title='bbox 1137 1685 1223 1742; x_wconf 90' lang='lat' dir='ltr'>eum,</span> <span class='ocrx_word' id='word_1_100' title='bbox 1251 1671 1281 1729; x_wconf 91' lang='lat' dir='ltr'>et</span> <span class='ocrx_word' id='word_1_101' title='bbox 1304 1668 1407 1731; x_wconf 90' lang='lat' dir='ltr'>nolens</span> 
     </span>
     <span class='ocr_line' id='line_1_14' title="bbox 296 1764 1407 1848; baseline -0.002 -16"><span class='ocrx_word' id='word_1_102' title='bbox 296 1767 333 1832; x_wconf 89' lang='lat' dir='ltr'>ad</span> <span class='ocrx_word' id='word_1_103' title='bbox 355 1785 423 1830; x_wconf 90' lang='lat' dir='ltr'>eum</span> <span class='ocrx_word' id='word_1_104' title='bbox 444 1772 595 1831; x_wconf 84' lang='lat' dir='ltr'>revertere</span> <span class='ocrx_word' id='word_1_105' title='bbox 617 1770 647 1827; x_wconf 89' lang='lat' dir='ltr'>et</span> <span class='ocrx_word' id='word_1_106' title='bbox 667 1765 854 1830; x_wconf 87' lang='lat' dir='ltr'>reconciliare</span> <span class='ocrx_word' id='word_1_107' title='bbox 876 1783 943 1826; x_wconf 91' lang='lat' dir='ltr'>cum</span> <span class='ocrx_word' id='word_1_108' title='bbox 965 1764 1014 1826; x_wconf 92' lang='lat' dir='ltr'>illo</span> <span class='ocrx_word' id='word_1_109' title='bbox 1034 1767 1098 1830; x_wconf 76' lang='lat' dir='ltr'>viro</span> <span class='ocrx_word' id='word_1_110' title='bbox 1119 1783 1189 1841; x_wconf 93' lang='lat' dir='ltr'>suo,</span> <span class='ocrx_word' id='word_1_111' title='bbox 1216 1772 1282 1848; x_wconf 91' lang='lat' dir='ltr'>post</span> <span class='ocrx_word' id='word_1_112' title='bbox 1302 1767 1331 1830; x_wconf 93' lang='lat' dir='ltr'>V</span> <span class='ocrx_word' id='word_1_113' title='bbox 1353 1785 1407 1830; x_wconf 88' lang='lat' dir='ltr'>an·</span> 
     </span>
     <span class='ocr_line' id='line_1_15' title="bbox 295 1863 1092 1946; baseline -0.001 -18"><span class='ocrx_word' id='word_1_114' title='bbox 295 1886 349 1929; x_wconf 90' lang='lat' dir='ltr'>nos</span> <span class='ocrx_word' id='word_1_115' title='bbox 371 1887 439 1930; x_wconf 90' lang='lat' dir='ltr'>cum</span> <span class='ocrx_word' id='word_1_116' title='bbox 460 1886 550 1930; x_wconf 87' lang='lat' dir='ltr'>sensu</span> <span class='ocrx_word' id='word_1_117' title='bbox 572 1867 699 1946; x_wconf 83' lang='lat' dir='ltr'>episcopi</span> <span class='ocrx_word' id='word_1_118' title='bbox 721 1864 807 1926; x_wconf 85' lang='lat' dir='ltr'>aliam</span> <span class='ocrx_word' id='word_1_119' title='bbox 830 1865 963 1944; x_wconf 87' lang='lat' dir='ltr'>accipere</span> <span class='ocrx_word' id='word_1_120' title='bbox 984 1863 1092 1927; x_wconf 88' lang='lat' dir='ltr'>licebit.</span> 
     </span>
    </p>

    <p class='ocr_par' dir='ltr' id='par_1_8' title="bbox 242 1963 1406 2146">
     <span class='ocr_line' id='line_1_16' title="bbox 242 1963 1406 2050; baseline 0.006 -25"><span class='ocrx_word' id='word_1_121' title='bbox 242 1963 284 2028; x_wconf 76' lang='lat'>62</span> <span class='ocrx_word' id='word_1_122' title='bbox 345 1969 423 2031; x_wconf 86' lang='lat' dir='ltr'>·Duo</span> <span class='ocrx_word' id='word_1_123' title='bbox 443 1969 550 2032; x_wconf 86' lang='lat' dir='ltr'>iratres</span> <span class='ocrx_word' id='word_1_124' title='bbox 571 1968 644 2030; x_wconf 89' lang='lat' dir='ltr'>duas</span> <span class='ocrx_word' id='word_1_125' title='bbox 665 1984 781 2029; x_wconf 89' lang='lat' dir='ltr'>sorores</span> <span class='ocrx_word' id='word_1_126' title='bbox 807 1967 835 2028; x_wconf 91' lang='lat' dir='ltr'>in</span> <span class='ocrx_word' id='word_1_127' title='bbox 857 1965 990 2044; x_wconf 81' lang='lat' dir='ltr'>conjugio</span> <span class='ocrx_word' id='word_1_128' title='bbox 1016 1966 1085 2028; x_wconf 88' lang='lat' dir='ltr'>licet</span> <span class='ocrx_word' id='word_1_129' title='bbox 1109 1966 1236 2043; x_wconf 88' lang='lat' dir='ltr'>habere,</span> <span class='ocrx_word' id='word_1_130' title='bbox 1265 1973 1296 2030; x_wconf 90' lang='lat' dir='ltr'>et</span> <span class='ocrx_word' id='word_1_131' title='bbox 1320 1973 1406 2050; x_wconf 87' lang='lat' dir='ltr'>pater</span> 
     </span>
     <span class='ocr_line' id='line_1_17' title="bbox 295 2066 1221 2146; baseline 0.001 -17"><span class='ocrx_word' id='word_1_132' title='bbox 295 2073 326 2129; x_wconf 92' lang='lat' dir='ltr'>et</span> <span class='ocrx_word' id='word_1_133' title='bbox 346 2069 425 2130; x_wconf 89' lang='lat' dir='ltr'>tilius</span> <span class='ocrx_word' id='word_1_134' title='bbox 445 2071 476 2130; x_wconf 90' lang='lat' dir='ltr'>et</span> <span class='ocrx_word' id='word_1_135' title='bbox 496 2070 621 2130; x_wconf 89' lang='lat' dir='ltr'>matrem</span> <span class='ocrx_word' id='word_1_136' title='bbox 642 2071 672 2128; x_wconf 93' lang='lat' dir='ltr'>et</span> <span class='ocrx_word' id='word_1_137' title='bbox 692 2067 783 2129; x_wconf 88' lang='lat' dir='ltr'>liliam</span> <span class='ocrx_word' id='word_1_138' title='bbox 805 2067 939 2129; x_wconf 90' lang='lat' dir='ltr'>similiter</span> <span class='ocrx_word' id='word_1_139' title='bbox 960 2070 1081 2146; x_wconf 88' lang='lat' dir='ltr'>possunt</span> <span class='ocrx_word' id='word_1_140' title='bbox 1101 2066 1221 2131; x_wconf 86' lang='lat' dir='ltr'>habere.</span> 
     </span>
    </p>

    <p class='ocr_par' dir='ltr' id='par_1_9' title="bbox 241 2165 1406 2550">
     <span class='ocr_line' id='line_1_18' title="bbox 241 2165 1405 2248; baseline 0.002 -20"><span class='ocrx_word' id='word_1_141' title='bbox 241 2166 301 2228; x_wconf 86' lang='grc'>63-</span> <span class='ocrx_word' id='word_1_142' title='bbox 358 2169 389 2230; x_wconf 90' lang='lat' dir='ltr'>Si</span> <span class='ocrx_word' id='word_1_143' title='bbox 411 2165 494 2247; x_wconf 84' lang='lat' dir='ltr'>cujus</span> <span class='ocrx_word' id='word_1_144' title='bbox 515 2185 589 2230; x_wconf 86' lang='lat' dir='ltr'>uxor</span> <span class='ocrx_word' id='word_1_145' title='bbox 609 2169 681 2230; x_wconf 88' lang='lat' dir='ltr'>ostis</span> <span class='ocrx_word' id='word_1_146' title='bbox 702 2167 872 2241; x_wconf 82' lang='lat' dir='ltr'>abstulerit,</span> <span class='ocrx_word' id='word_1_147' title='bbox 901 2169 931 2227; x_wconf 92' lang='lat' dir='ltr'>et</span> <span class='ocrx_word' id='word_1_148' title='bbox 955 2183 1011 2228; x_wconf 90' lang='lat' dir='ltr'>non</span> <span class='ocrx_word' id='word_1_149' title='bbox 1034 2169 1130 2248; x_wconf 89' lang='lat' dir='ltr'>potest</span> <span class='ocrx_word' id='word_1_150' title='bbox 1152 2167 1298 2230; x_wconf 83' lang='lat' dir='ltr'>redimere</span> <span class='ocrx_word' id='word_1_151' title='bbox 1319 2187 1405 2245; x_wconf 89' lang='lat' dir='ltr'>earn,</span> 
     </span>
     <span class='ocr_line' id='line_1_19' title="bbox 294 2267 1405 2350; baseline 0.003 -19"><span class='ocrx_word' id='word_1_152' title='bbox 294 2270 364 2332; x_wconf 85' lang='lat' dir='ltr'>licet</span> <span class='ocrx_word' id='word_1_153' title='bbox 387 2271 414 2331; x_wconf 92' lang='lat' dir='ltr'>ei</span> <span class='ocrx_word' id='word_1_154' title='bbox 439 2270 526 2332; x_wconf 90' lang='lat' dir='ltr'>aliam</span> <span class='ocrx_word' id='word_1_155' title='bbox 550 2271 699 2348; x_wconf 87' lang='lat' dir='ltr'>accipere,</span> <span class='ocrx_word' id='word_1_156' title='bbox 727 2267 833 2330; x_wconf 90' lang='lat' dir='ltr'>melius</span> <span class='ocrx_word' id='word_1_157' title='bbox 857 2271 917 2342; x_wconf 86' lang='lat' dir='ltr'>est,</span> <span class='ocrx_word' id='word_1_158' title='bbox 946 2285 1035 2347; x_wconf 90' lang='lat' dir='ltr'>quam</span> <span class='ocrx_word' id='word_1_159' title='bbox 1061 2267 1208 2331; x_wconf 75' lang='lat' dir='ltr'>fornicari.</span> <span class='ocrx_word' id='word_1_160' title='bbox 1244 2270 1275 2333; x_wconf 91' lang='lat' dir='ltr'>Si</span> <span class='ocrx_word' id='word_1_161' title='bbox 1302 2274 1405 2350; x_wconf 84' lang='lat' dir='ltr'>postea</span> 
     </span>
     <span class='ocr_line' id='line_1_20' title="bbox 295 2368 1406 2454; baseline 0.002 -23"><span class='ocrx_word' id='word_1_162' title='bbox 295 2370 382 2431; x_wconf 86' lang='lat' dir='ltr'>rediit</span> <span class='ocrx_word' id='word_1_163' title='bbox 403 2388 540 2444; x_wconf 82' lang='lat' dir='ltr'>uxorem,</span> <span class='ocrx_word' id='word_1_164' title='bbox 562 2387 619 2454; x_wconf 89' lang='lat' dir='ltr'>nou</span> <span class='ocrx_word' id='word_1_165' title='bbox 638 2368 725 2429; x_wconf 91' lang='lat' dir='ltr'>debet</span> <span class='ocrx_word' id='word_1_166' title='bbox 742 2369 872 2446; x_wconf 89' lang='lat' dir='ltr'>recipere</span> <span class='ocrx_word' id='word_1_167' title='bbox 890 2386 973 2442; x_wconf 90' lang='lat' dir='ltr'>eam,</span> <span class='ocrx_word' id='word_1_168' title='bbox 994 2371 1019 2431; x_wconf 93' lang='lat' dir='ltr'>si</span> <span class='ocrx_word' id='word_1_169' title='bbox 1036 2368 1124 2432; x_wconf 88' lang='lat' dir='ltr'>aliam</span> <span class='ocrx_word' id='word_1_170' title='bbox 1140 2369 1244 2446; x_wconf 89' lang='lat' dir='ltr'>habet,</span> <span class='ocrx_word' id='word_1_171' title='bbox 1265 2372 1317 2433; x_wconf 84' lang='lat' dir='ltr'>sed</span> <span class='ocrx_word' id='word_1_172' title='bbox 1340 2373 1406 2452; x_wconf 84' lang='lat' dir='ltr'>ipsa</span> 
     </span>
     <span class='ocr_line' id='line_1_21' title="bbox 296 2468 992 2550; baseline -0.006 -14"><span class='ocrx_word' id='word_1_173' title='bbox 296 2473 420 2550; x_wconf 87' lang='lat' dir='ltr'>accipiat</span> <span class='ocrx_word' id='word_1_174' title='bbox 440 2473 566 2536; x_wconf 88' lang='lat' dir='ltr'>alterurn</span> <span class='ocrx_word' id='word_1_175' title='bbox 587 2472 698 2545; x_wconf 86' lang='lat' dir='ltr'>virum,</span> <span class='ocrx_word' id='word_1_176' title='bbox 720 2473 746 2532; x_wconf 85' lang='lat' dir='ltr'>si</span> <span class='ocrx_word' id='word_1_177' title='bbox 767 2485 859 2532; x_wconf 92' lang='lat' dir='ltr'>unum</span> <span class='ocrx_word' id='word_1_178' title='bbox 881 2468 992 2532; x_wconf 90' lang='lat' dir='ltr'>habuit.</span> 
     </span>
    </p>

    <p class='ocr_par' dir='ltr' id='par_1_10' title="bbox 242 2565 1407 2752">
     <span class='ocr_line' id='line_1_22' title="bbox 242 2565 1406 2646; baseline 0.003 -17"><span class='ocrx_word' id='word_1_179' title='bbox 242 2565 282 2630; x_wconf 79' lang='lat' dir='ltr'>ct</span> <span class='ocrx_word' id='word_1_180' title='bbox 358 2571 539 2636; x_wconf 85' lang='lat' dir='ltr'>Sententiam</span> <span class='ocrx_word' id='word_1_181' title='bbox 561 2573 620 2634; x_wconf 90' lang='lat' dir='ltr'>stat</span> <span class='ocrx_word' id='word_1_182' title='bbox 641 2571 678 2632; x_wconf 90' lang='lat' dir='ltr'>de</span> <span class='ocrx_word' id='word_1_183' title='bbox 700 2572 794 2634; x_wconf 86' lang='lat' dir='ltr'>servis</span> <span class='ocrx_word' id='word_1_184' title='bbox 815 2571 1031 2646; x_wconf 80' lang='lat' dir='ltr'>transmarinis,</span> <span class='ocrx_word' id='word_1_185' title='bbox 1054 2571 1079 2632; x_wconf 92' lang='lat' dir='ltr'>si</span> <span class='ocrx_word' id='word_1_186' title='bbox 1099 2589 1219 2634; x_wconf 84' lang='lat' dir='ltr'>servum</span> <span class='ocrx_word' id='word_1_187' title='bbox 1241 2573 1292 2633; x_wconf 89' lang='lat' dir='ltr'>aut</span> <span class='ocrx_word' id='word_1_188' title='bbox 1312 2570 1406 2632; x_wconf 87' lang='lat' dir='ltr'>aneil-</span> 
     </span>
     <span class='ocr_line' id='line_1_23' title="bbox 279 2667 1407 2752; baseline 0.001 -20"><span class='ocrx_word' id='word_1_189' title='bbox 279 2672 353 2733; x_wconf 90' lang='lat' dir='ltr'>lam</span> <span class='ocrx_word' id='word_1_190' title='bbox 375 2672 510 2734; x_wconf 91' lang='lat' dir='ltr'>dominus</span> <span class='ocrx_word' id='word_1_191' title='bbox 531 2673 684 2734; x_wconf 88' lang='lat' dir='ltr'>amborum</span> <span class='ocrx_word' id='word_1_192' title='bbox 706 2674 735 2735; x_wconf 92' lang='lat' dir='ltr'>in</span> <span class='ocrx_word' id='word_1_193' title='bbox 756 2672 973 2733; x_wconf 90' lang='lat' dir='ltr'>matrimonium</span> <span class='ocrx_word' id='word_1_194' title='bbox 990 2667 1187 2749; x_wconf 85' lang='lat' dir='ltr'>conjunxerit,</span> <span class='ocrx_word' id='word_1_195' title='bbox 1209 2676 1310 2752; x_wconf 88' lang='lat' dir='ltr'>postea</span> <span class='ocrx_word' id='word_1_196' title='bbox 1329 2670 1407 2733; x_wconf 90' lang='lat' dir='ltr'>libe·</span> 
     </span>
    </p>

    <p class='ocr_par' dir='ltr' id='par_1_11' title="bbox 239 2772 1405 2952">
     <span class='ocr_line' id='line_1_24' title="bbox 239 2772 1405 2858; baseline 0 -24"><span class='ocrx_word' id='word_1_197' title='bbox 239 2849 248 2858; x_wconf 22' lang='grc' dir='ltr'>ἱ</span> <span class='ocrx_word' id='word_1_198' title='bbox 294 2775 359 2836; x_wconf 91' lang='lat' dir='ltr'>rato</span> <span class='ocrx_word' id='word_1_199' title='bbox 387 2791 473 2839; x_wconf 86' lang='lat' dir='ltr'>servo</span> <span class='ocrx_word' id='word_1_200' title='bbox 500 2773 548 2836; x_wconf 84' lang='lat' dir='ltr'>vel</span> <span class='ocrx_word' id='word_1_201' title='bbox 575 2772 696 2847; x_wconf 90' lang='lat' dir='ltr'>ancilla,</span> <span class='ocrx_word' id='word_1_202' title='bbox 724 2773 831 2834; x_wconf 91' lang='lat' dir='ltr'>sinon</span> <span class='ocrx_word' id='word_1_203' title='bbox 858 2775 954 2850; x_wconf 90' lang='lat' dir='ltr'>potest</span> <span class='ocrx_word' id='word_1_204' title='bbox 981 2773 1127 2834; x_wconf 86' lang='lat' dir='ltr'>redimere</span> <span class='ocrx_word' id='word_1_205' title='bbox 1154 2774 1203 2852; x_wconf 92' lang='lat' dir='ltr'>qui</span> <span class='ocrx_word' id='word_1_206' title='bbox 1227 2773 1257 2833; x_wconf 92' lang='lat' dir='ltr'>in</span> <span class='ocrx_word' id='word_1_207' title='bbox 1281 2774 1405 2836; x_wconf 85' lang='lat' dir='ltr'>servitio</span> 
     </span>
     <span class='ocr_line' id='line_1_25' title="bbox 294 2871 922 2952; baseline 0.003 -19"><span class='ocrx_word' id='word_1_208' title='bbox 294 2877 360 2947; x_wconf 89' lang='lat' dir='ltr'>est,</span> <span class='ocrx_word' id='word_1_209' title='bbox 381 2872 504 2937; x_wconf 87' lang='lat' dir='ltr'>liberato</span> <span class='ocrx_word' id='word_1_210' title='bbox 525 2873 593 2934; x_wconf 92' lang='lat' dir='ltr'>licet</span> <span class='ocrx_word' id='word_1_211' title='bbox 614 2875 737 2951; x_wconf 83' lang='lat' dir='ltr'>ingenuo</span> <span class='ocrx_word' id='word_1_212' title='bbox 758 2871 922 2952; x_wconf 86' lang='lat' dir='ltr'>conjugere.</span> 
     </span>
    </p>
   </div>
   <div class='ocr_carea' id='block_1_5' title="bbox 136 2966 1404 3054">
    <p class='ocr_par' dir='ltr' id='par_1_12' title="bbox 136 2966 1404 3054">
     <span class='ocr_line' id='line_1_26' title="bbox 136 2966 1404 3054; baseline 0.006 -27"><span class='ocrx_word' id='word_1_213' title='bbox 136 2967 138 2972; x_wconf 84' lang='lat'>&#39;</span> <span class='ocrx_word' id='word_1_214' title='bbox 242 2966 283 3029; x_wconf 81' lang='lat'>65</span> <span class='ocrx_word' id='word_1_215' title='bbox 358 2973 581 3052; x_wconf 82' lang='lat' dir='ltr'>Aequanimiter</span> <span class='ocrx_word' id='word_1_216' title='bbox 602 2972 732 3053; x_wconf 84' lang='lat' dir='ltr'>jungitur</span> <span class='ocrx_word' id='word_1_217' title='bbox 752 2976 809 3038; x_wconf 89' lang='lat' dir='ltr'>viri</span> <span class='ocrx_word' id='word_1_218' title='bbox 831 2974 1048 3036; x_wconf 88' lang='lat' dir='ltr'>matrimonium</span> <span class='ocrx_word' id='word_1_219' title='bbox 1070 2971 1150 3052; x_wconf 86' lang='lat' dir='ltr'>ejus,</span> <span class='ocrx_word' id='word_1_220' title='bbox 1178 2975 1228 3054; x_wconf 93' lang='lat' dir='ltr'>qui</span> <span class='ocrx_word' id='word_1_221' title='bbox 1254 2973 1310 3035; x_wconf 92' lang='lat' dir='ltr'>sibi</span> <span class='ocrx_word' id='word_1_222' title='bbox 1335 2991 1404 3036; x_wconf 85' lang='lat' dir='ltr'>con·</span> 
     </span>
    </p>
   </div>
   <div class='ocr_carea' id='block_1_6' title="bbox 240 3075 1406 4559">
    <p class='ocr_par' dir='ltr' id='par_1_13' title="bbox 295 3075 1383 3155">
     <span class='ocr_line' id='line_1_27' title="bbox 295 3075 1383 3155; baseline 0 -21"><span class='ocrx_word' id='word_1_223' title='bbox 295 3075 448 3151; x_wconf 83' lang='lat' dir='ltr'>sanguinei</span> <span class='ocrx_word' id='word_1_224' title='bbox 469 3078 554 3148; x_wconf 89' lang='lat' dir='ltr'>sunt,</span> <span class='ocrx_word' id='word_1_225' title='bbox 576 3076 607 3134; x_wconf 92' lang='lat' dir='ltr'>et</span> <span class='ocrx_word' id='word_1_226' title='bbox 627 3076 727 3136; x_wconf 84' lang='lat' dir='ltr'>uxoris</span> <span class='ocrx_word' id='word_1_227' title='bbox 743 3092 816 3138; x_wconf 86' lang='lat' dir='ltr'>suae</span> <span class='ocrx_word' id='word_1_228' title='bbox 836 3076 1058 3152; x_wconf 82' lang='lat' dir='ltr'>consanguineis</span> <span class='ocrx_word' id='word_1_229' title='bbox 1076 3078 1143 3155; x_wconf 88' lang='lat' dir='ltr'>post</span> <span class='ocrx_word' id='word_1_230' title='bbox 1160 3077 1254 3136; x_wconf 90' lang='lat' dir='ltr'>morte</span> <span class='ocrx_word' id='word_1_231' title='bbox 1270 3075 1383 3138; x_wconf 86' lang='lat' dir='ltr'>uxoris.</span> 
     </span>
    </p>

    <p class='ocr_par' dir='ltr' id='par_1_14' title="bbox 242 3164 1404 3361">
     <span class='ocr_line' id='line_1_28' title="bbox 242 3164 1404 3256; baseline 0 -21"><span class='ocrx_word' id='word_1_232' title='bbox 242 3164 283 3228; x_wconf 90' lang='grc'>66</span> <span class='ocrx_word' id='word_1_233' title='bbox 359 3171 391 3235; x_wconf 91' lang='lat' dir='ltr'>Si</span> <span class='ocrx_word' id='word_1_234' title='bbox 412 3175 479 3251; x_wconf 88' lang='lat' dir='ltr'>quis</span> <span class='ocrx_word' id='word_1_235' title='bbox 500 3173 650 3235; x_wconf 88' lang='lat' dir='ltr'>demiserit</span> <span class='ocrx_word' id='word_1_236' title='bbox 670 3174 809 3252; x_wconf 81' lang='lat' dir='ltr'>gentilem</span> <span class='ocrx_word' id='word_1_237' title='bbox 829 3193 968 3248; x_wconf 88' lang='lat' dir='ltr'>uxorem,</span> <span class='ocrx_word' id='word_1_238' title='bbox 995 3177 1025 3236; x_wconf 92' lang='lat' dir='ltr'>in</span> <span class='ocrx_word' id='word_1_239' title='bbox 1049 3179 1223 3256; x_wconf 88' lang='lat' dir='ltr'>potestatem</span> <span class='ocrx_word' id='word_1_240' title='bbox 1245 3172 1308 3253; x_wconf 83' lang='lat' dir='ltr'>ejus</span> <span class='ocrx_word' id='word_1_241' title='bbox 1329 3177 1404 3248; x_wconf 91' lang='lat' dir='ltr'>erit,</span> 
     </span>
     <span class='ocr_line' id='line_1_29' title="bbox 295 3272 1255 3361; baseline -0.001 -25"><span class='ocrx_word' id='word_1_242' title='bbox 295 3278 362 3355; x_wconf 88' lang='lat' dir='ltr'>post</span> <span class='ocrx_word' id='word_1_243' title='bbox 382 3272 560 3352; x_wconf 89' lang='lat' dir='ltr'>baptismum</span> <span class='ocrx_word' id='word_1_244' title='bbox 581 3273 691 3337; x_wconf 88' lang='lat' dir='ltr'>habere</span> <span class='ocrx_word' id='word_1_245' title='bbox 713 3293 795 3348; x_wconf 90' lang='lat' dir='ltr'>eam,</span> <span class='ocrx_word' id='word_1_246' title='bbox 817 3293 853 3338; x_wconf 90' lang='lat' dir='ltr'>an</span> <span class='ocrx_word' id='word_1_247' title='bbox 875 3293 932 3336; x_wconf 92' lang='lat' dir='ltr'>nou</span> <span class='ocrx_word' id='word_1_248' title='bbox 953 3273 1072 3337; x_wconf 85' lang='lat' dir='ltr'>habere.</span> <span class='ocrx_word' id='word_1_249' title='bbox 1252 3355 1255 3361; x_wconf 25' lang='grc' dir='ltr'><strong><em>Ι</em></strong></span> 
     </span>
    </p>

    <p class='ocr_par' dir='ltr' id='par_1_15' title="bbox 241 3363 1405 3551">
     <span class='ocr_line' id='line_1_30' title="bbox 241 3363 1405 3470; baseline 0 -34"><span class='ocrx_word' id='word_1_250' title='bbox 241 3363 283 3427; x_wconf 78' lang='grc'>67</span> <span class='ocrx_word' id='word_1_251' title='bbox 358 3373 538 3449; x_wconf 89' lang='lat' dir='ltr'>Similitudo,</span> <span class='ocrx_word' id='word_1_252' title='bbox 568 3376 593 3435; x_wconf 89' lang='lat' dir='ltr'>si</span> <span class='ocrx_word' id='word_1_253' title='bbox 614 3393 692 3470; x_wconf 83' lang='lat' dir='ltr'>unps</span> <span class='ocrx_word' id='word_1_254' title='bbox 713 3391 816 3436; x_wconf 87' lang='lat' dir='ltr'>eorum</span> <span class='ocrx_word' id='word_1_255' title='bbox 837 3373 1000 3453; x_wconf 89' lang='lat' dir='ltr'>baptizatus</span> <span class='ocrx_word' id='word_1_256' title='bbox 1021 3383 1083 3449; x_wconf 88' lang='lat' dir='ltr'>est,</span> <span class='ocrx_word' id='word_1_257' title='bbox 1111 3378 1141 3436; x_wconf 94' lang='lat' dir='ltr'>et</span> <span class='ocrx_word' id='word_1_258' title='bbox 1164 3375 1237 3437; x_wconf 88' lang='lat' dir='ltr'>altar</span> <span class='ocrx_word' id='word_1_259' title='bbox 1260 3373 1405 3452; x_wconf 82' lang='lat' dir='ltr'>gentiles,</span> 
     </span>
     <span class='ocr_line' id='line_1_31' title="bbox 296 3473 1361 3551; baseline -0.001 -14"><span class='ocrx_word' id='word_1_260' title='bbox 296 3475 384 3538; x_wconf 84' lang='lat' dir='ltr'>simili</span> <span class='ocrx_word' id='word_1_261' title='bbox 404 3474 507 3550; x_wconf 85' lang='lat' dir='ltr'>ruodo,</span> <span class='ocrx_word' id='word_1_262' title='bbox 529 3476 605 3536; x_wconf 87' lang='lat' dir='ltr'>sicut</span> <span class='ocrx_word' id='word_1_263' title='bbox 626 3475 736 3536; x_wconf 89' lang='lat' dir='ltr'>dictum</span> <span class='ocrx_word' id='word_1_264' title='bbox 757 3477 819 3536; x_wconf 87' lang='lat' dir='ltr'>est:</span> <span class='ocrx_word' id='word_1_265' title='bbox 844 3473 993 3551; x_wconf 84' lang='lat' dir='ltr'>infideles,</span> <span class='ocrx_word' id='word_1_266' title='bbox 1015 3476 1040 3538; x_wconf 92' lang='lat' dir='ltr'>si</span> <span class='ocrx_word' id='word_1_267' title='bbox 1061 3475 1198 3549; x_wconf 83' lang='lat' dir='ltr'>discedit,</span> <span class='ocrx_word' id='word_1_268' title='bbox 1220 3474 1361 3538; x_wconf 82' lang='lat' dir='ltr'>discedat</span> 
     </span>
    </p>

    <p class='ocr_par' dir='ltr' id='par_1_16' title="bbox 240 3565 1406 3750">
     <span class='ocr_line' id='line_1_32' title="bbox 240 3565 1406 3656; baseline -0.002 -18"><span class='ocrx_word' id='word_1_269' title='bbox 240 3565 282 3630; x_wconf 81' lang='grc'>66</span> <span class='ocrx_word' id='word_1_270' title='bbox 357 3575 389 3638; x_wconf 84' lang='lat' dir='ltr'>Si</span> <span class='ocrx_word' id='word_1_271' title='bbox 411 3573 493 3653; x_wconf 85' lang='lat' dir='ltr'>cujus</span> <span class='ocrx_word' id='word_1_272' title='bbox 513 3592 587 3638; x_wconf 85' lang='lat' dir='ltr'>uxor</span> <span class='ocrx_word' id='word_1_273' title='bbox 608 3573 730 3636; x_wconf 84' lang='lat' dir='ltr'>infidelis</span> <span class='ocrx_word' id='word_1_274' title='bbox 751 3578 797 3636; x_wconf 91' lang='lat' dir='ltr'>est</span> <span class='ocrx_word' id='word_1_275' title='bbox 817 3573 948 3653; x_wconf 80' lang='lat' dir='ltr'>gentilis,</span> <span class='ocrx_word' id='word_1_276' title='bbox 977 3578 1008 3638; x_wconf 90' lang='lat' dir='ltr'>et</span> <span class='ocrx_word' id='word_1_277' title='bbox 1033 3593 1090 3637; x_wconf 92' lang='lat' dir='ltr'>non</span> <span class='ocrx_word' id='word_1_278' title='bbox 1114 3578 1211 3656; x_wconf 86' lang='lat' dir='ltr'>potest</span> <span class='ocrx_word' id='word_1_279' title='bbox 1239 3593 1307 3638; x_wconf 88' lang='lat' dir='ltr'>eam</span> <span class='ocrx_word' id='word_1_280' title='bbox 1334 3593 1406 3638; x_wconf 90' lang='lat' dir='ltr'>eon·</span> 
     </span>
     <span class='ocr_line' id='line_1_33' title="bbox 294 3675 665 3750; baseline -0.008 -10"><span class='ocrx_word' id='word_1_281' title='bbox 294 3681 425 3750; x_wconf 73' lang='lat' dir='ltr'>vertere,</span> <span class='ocrx_word' id='word_1_282' title='bbox 447 3675 568 3737; x_wconf 90' lang='lat' dir='ltr'>dimittit</span> <span class='ocrx_word' id='word_1_283' title='bbox 588 3693 665 3739; x_wconf 89' lang='lat' dir='ltr'>eam.</span> 
     </span>
    </p>

    <p class='ocr_par' dir='ltr' id='par_1_17' title="bbox 241 3766 1406 4259">
     <span class='ocr_line' id='line_1_34' title="bbox 241 3766 1406 3857; baseline 0 -19"><span class='ocrx_word' id='word_1_284' title='bbox 241 3766 283 3828; x_wconf 86' lang='grc'>69</span> <span class='ocrx_word' id='word_1_285' title='bbox 358 3776 525 3840; x_wconf 84' lang='lat' dir='ltr'>Secundum</span> <span class='ocrx_word' id='word_1_286' title='bbox 550 3774 677 3840; x_wconf 87' lang='lat' dir='ltr'>Graecos</span> <span class='ocrx_word' id='word_1_287' title='bbox 703 3775 732 3836; x_wconf 95' lang='lat' dir='ltr'>in</span> <span class='ocrx_word' id='word_1_288' title='bbox 755 3779 861 3856; x_wconf 82' lang='lat' dir='ltr'>quarta</span> <span class='ocrx_word' id='word_1_289' title='bbox 888 3777 1103 3857; x_wconf 88' lang='lat' dir='ltr'>propinquitate</span> <span class='ocrx_word' id='word_1_290' title='bbox 1131 3777 1226 3840; x_wconf 88' lang='lat' dir='ltr'>carnis</span> <span class='ocrx_word' id='word_1_291' title='bbox 1251 3774 1321 3837; x_wconf 89' lang='lat' dir='ltr'>licet</span> <span class='ocrx_word' id='word_1_292' title='bbox 1348 3793 1406 3838; x_wconf 91' lang='lat' dir='ltr'>nu·</span> 
     </span>
     <span class='ocr_line' id='line_1_35' title="bbox 295 3873 1405 3957; baseline 0.001 -21"><span class='ocrx_word' id='word_1_293' title='bbox 295 3873 384 3949; x_wconf 85' lang='lat' dir='ltr'>bere,</span> <span class='ocrx_word' id='word_1_294' title='bbox 410 3878 486 3939; x_wconf 88' lang='lat' dir='ltr'>siout</span> <span class='ocrx_word' id='word_1_295' title='bbox 508 3880 538 3938; x_wconf 94' lang='lat' dir='ltr'>in</span> <span class='ocrx_word' id='word_1_296' title='bbox 559 3875 623 3953; x_wconf 86' lang='lat' dir='ltr'>lege</span> <span class='ocrx_word' id='word_1_297' title='bbox 645 3877 786 3957; x_wconf 89' lang='lat' dir='ltr'>scriptum</span> <span class='ocrx_word' id='word_1_298' title='bbox 808 3880 870 3950; x_wconf 91' lang='lat' dir='ltr'>est,</span> <span class='ocrx_word' id='word_1_299' title='bbox 898 3875 1060 3938; x_wconf 84' lang='lat' dir='ltr'>seeundum</span> <span class='ocrx_word' id='word_1_300' title='bbox 1080 3877 1228 3938; x_wconf 86' lang='lat' dir='ltr'>Romanos</span> <span class='ocrx_word' id='word_1_301' title='bbox 1249 3879 1278 3937; x_wconf 91' lang='lat' dir='ltr'>in</span> <span class='ocrx_word' id='word_1_302' title='bbox 1300 3875 1345 3952; x_wconf 86' lang='lat' dir='ltr'>V,</span> <span class='ocrx_word' id='word_1_303' title='bbox 1374 3878 1405 3937; x_wconf 87' lang='lat' dir='ltr'>in</span> 
     </span>
     <span class='ocr_line' id='line_1_36' title="bbox 296 3975 1405 4056; baseline 0 -18"><span class='ocrx_word' id='word_1_304' title='bbox 296 3975 340 4038; x_wconf 87' lang='lat' dir='ltr'>lV</span> <span class='ocrx_word' id='word_1_305' title='bbox 365 3980 463 4040; x_wconf 82' lang='lat' dir='ltr'>tamen</span> <span class='ocrx_word' id='word_1_306' title='bbox 490 3995 545 4039; x_wconf 91' lang='lat' dir='ltr'>non</span> <span class='ocrx_word' id='word_1_307' title='bbox 567 3977 683 4039; x_wconf 84' lang='lat' dir='ltr'>solvunt</span> <span class='ocrx_word' id='word_1_308' title='bbox 704 3976 897 4056; x_wconf 79' lang='lat' dir='ltr'>cumjugium,</span> <span class='ocrx_word' id='word_1_309' title='bbox 926 3980 1080 4056; x_wconf 89' lang='lat' dir='ltr'>postquam</span> <span class='ocrx_word' id='word_1_310' title='bbox 1105 3975 1216 4040; x_wconf 84' lang='lat' dir='ltr'>tactum</span> <span class='ocrx_word' id='word_1_311' title='bbox 1241 3977 1339 4039; x_wconf 87' lang='lat' dir='ltr'>luerit.</span> <span class='ocrx_word' id='word_1_312' title='bbox 1361 4010 1405 4022; x_wconf 89' lang='lat'>-</span> 
     </span>
     <span class='ocr_line' id='line_1_37' title="bbox 295 4077 1404 4158; baseline -0.001 -19"><span class='ocrx_word' id='word_1_313' title='bbox 295 4077 330 4139; x_wconf 93' lang='lat' dir='ltr'>ln</span> <span class='ocrx_word' id='word_1_314' title='bbox 351 4079 439 4142; x_wconf 89' lang='lat' dir='ltr'>tertia</span> <span class='ocrx_word' id='word_1_315' title='bbox 459 4082 557 4139; x_wconf 87' lang='lat' dir='ltr'>tamen</span> <span class='ocrx_word' id='word_1_316' title='bbox 580 4078 797 4158; x_wconf 89' lang='lat' dir='ltr'>propinquitate</span> <span class='ocrx_word' id='word_1_317' title='bbox 818 4097 875 4140; x_wconf 93' lang='lat' dir='ltr'>non</span> <span class='ocrx_word' id='word_1_318' title='bbox 895 4077 964 4138; x_wconf 89' lang='lat' dir='ltr'>licet</span> <span class='ocrx_word' id='word_1_319' title='bbox 983 4095 1105 4141; x_wconf 85' lang='lat' dir='ltr'>uxorem</span> <span class='ocrx_word' id='word_1_320' title='bbox 1127 4077 1247 4141; x_wconf 87' lang='lat' dir='ltr'>alterius</span> <span class='ocrx_word' id='word_1_321' title='bbox 1268 4079 1404 4158; x_wconf 87' lang='lat' dir='ltr'>accipere</span> 
     </span>
     <span class='ocr_line' id='line_1_38' title="bbox 295 4176 590 4259; baseline -0.007 -21"><span class='ocrx_word' id='word_1_322' title='bbox 295 4180 363 4259; x_wconf 90' lang='lat' dir='ltr'>post</span> <span class='ocrx_word' id='word_1_323' title='bbox 382 4176 496 4239; x_wconf 91' lang='lat' dir='ltr'>obitum</span> <span class='ocrx_word' id='word_1_324' title='bbox 517 4176 590 4256; x_wconf 86' lang='lat' dir='ltr'>ejus.</span> 
     </span>
    </p>

    <p class='ocr_par' dir='ltr' id='par_1_18' title="bbox 242 4270 1405 4559">
     <span class='ocr_line' id='line_1_39' title="bbox 242 4270 1405 4358; baseline 0.007 -25"><span class='ocrx_word' id='word_1_325' title='bbox 242 4270 284 4334; x_wconf 80' lang='lat'>70</span> <span class='ocrx_word' id='word_1_326' title='bbox 360 4274 393 4339; x_wconf 90' lang='lat' dir='ltr'>Si</span> <span class='ocrx_word' id='word_1_327' title='bbox 410 4280 477 4357; x_wconf 90' lang='lat' dir='ltr'>quis</span> <span class='ocrx_word' id='word_1_328' title='bbox 495 4277 612 4358; x_wconf 88' lang='lat' dir='ltr'>nuptias</span> <span class='ocrx_word' id='word_1_329' title='bbox 629 4273 735 4352; x_wconf 89' lang='lat' dir='ltr'>habet,</span> <span class='ocrx_word' id='word_1_330' title='bbox 756 4280 787 4338; x_wconf 89' lang='lat' dir='ltr'>et</span> <span class='ocrx_word' id='word_1_331' title='bbox 803 4277 1024 4341; x_wconf 88' lang='lat' dir='ltr'>matrimonium</span> <span class='ocrx_word' id='word_1_332' title='bbox 1040 4294 1097 4339; x_wconf 92' lang='lat' dir='ltr'>non</span> <span class='ocrx_word' id='word_1_333' title='bbox 1115 4275 1200 4352; x_wconf 90' lang='lat' dir='ltr'>licet,</span> <span class='ocrx_word' id='word_1_334' title='bbox 1221 4280 1321 4341; x_wconf 89' lang='lat' dir='ltr'>tamen</span> <span class='ocrx_word' id='word_1_335' title='bbox 1338 4277 1405 4341; x_wconf 91' lang='lat' dir='ltr'>lici-</span> 
     </span>
     <span class='ocr_line' id='line_1_40' title="bbox 295 4375 1403 4460; baseline -0.002 -20"><span class='ocrx_word' id='word_1_336' title='bbox 295 4381 362 4440; x_wconf 90' lang='lat' dir='ltr'>tum</span> <span class='ocrx_word' id='word_1_337' title='bbox 380 4381 444 4452; x_wconf 94' lang='lat' dir='ltr'>est,</span> <span class='ocrx_word' id='word_1_338' title='bbox 466 4395 581 4452; x_wconf 89' lang='lat' dir='ltr'>escam,</span> <span class='ocrx_word' id='word_1_339' title='bbox 602 4395 691 4457; x_wconf 89' lang='lat' dir='ltr'>quam</span> <span class='ocrx_word' id='word_1_340' title='bbox 709 4376 832 4455; x_wconf 87' lang='lat' dir='ltr'>habent,</span> <span class='ocrx_word' id='word_1_341' title='bbox 853 4377 1047 4456; x_wconf 85' lang='lat' dir='ltr'>manducare,</span> <span class='ocrx_word' id='word_1_342' title='bbox 1069 4379 1138 4460; x_wconf 89' lang='lat' dir='ltr'>quia</span> <span class='ocrx_word' id='word_1_343' title='bbox 1154 4377 1298 4459; x_wconf 84' lang='lat' dir='ltr'>propheta</span> <span class='ocrx_word' id='word_1_344' title='bbox 1315 4375 1403 4441; x_wconf 87' lang='lat' dir='ltr'>dicit:</span> 
     </span>
     <span class='ocr_line' id='line_1_41' title="bbox 297 4475 886 4559; baseline 0.003 -19"><span class='ocrx_word' id='word_1_345' title='bbox 297 4475 407 4540; x_wconf 90' lang='lat' dir='ltr'>domini</span> <span class='ocrx_word' id='word_1_346' title='bbox 427 4481 474 4540; x_wconf 86' lang='lat' dir='ltr'>ast</span> <span class='ocrx_word' id='word_1_347' title='bbox 493 4481 574 4542; x_wconf 89' lang='lat' dir='ltr'>terra</span> <span class='ocrx_word' id='word_1_348' title='bbox 593 4481 624 4540; x_wconf 86' lang='lat' dir='ltr'>et</span> <span class='ocrx_word' id='word_1_349' title='bbox 643 4478 792 4558; x_wconf 88' lang='lat' dir='ltr'>plenitudo</span> <span class='ocrx_word' id='word_1_350' title='bbox 812 4476 886 4559; x_wconf 82' lang='lat' dir='ltr'>ejus.</span> 
     </span>
    </p>
   </div>
   <div class='ocr_carea' id='block_1_7' title="bbox 0 0 1552 5095">
    <p class='ocr_par' dir='ltr' id='par_1_19' title="bbox 0 0 1552 5095">
     <span class='ocr_line' id='line_1_42' title="bbox 0 0 1552 5095; baseline 0 0"><span class='ocrx_word' id='word_1_351' title='bbox 0 0 1552 5095; x_wconf 95' lang='lat' dir='ltr'> </span> 
     </span>
    </p>
   </div>
  </div>
 </body>
</html>
