3094 5094
798 297 871 388 14'6

384 498 526 588 tentibus,
555 499 680 592 ideo'que
701 499 868 574 dominator
886 497 1019 585 domine,
1048 497 1098 593 (p'ui
1121 496 1227 580 'omnes
1254 495 1389 585 homines

291 633 302 644 ·'
355 599 431 681 ¹nis
456 599 566 678 seiros
581 613 644 675 fieri
672 616 704 674 et
731 612 768 674 nd
795 612 971 690 agnitionem
997 605 1167 690 teneatue)
1189 610 1307 686 uenire,
1326 613 1392 690 'qui

383 733 439 776 non
456 716 501 776 vis
517 718 641 776 mortem
660 716 865 795 peecatorum,
888 711 939 773 sed
956 715 991 774 ut
1010 712 1215 773 conuertuntur
1233 716 1263 772 et
1277 714 1389 788 visunt,

382 815 499 894 suscipe
528 817 688 875 orationem
718 822 834 883 meam,
871 804 959 890 qnam
988 811 1090 872 tundo
1100 803 1171 871 a'n'te
1202 799 1390 890 conspectum

382 915 553 977 elementiae
574 919 643 976 tuae
664 913 716 993 pro
738 912 856 974 iamniis
878 918 912 973 ae'
933 908 1099 984 famulabus
1120 912 1180 975 tuis
1204 912 1256 990 qni
1274 912 1391 992 'pe-ad

265 1041 302 1062 ν
382 1016 533 1077 nitentium
554 1016 707 1078 uenerunt.
750 1015 807 1076 Per
829 1013 988 1075 dominum.
1050 1023 1052 1028 '

346 1115 453 1177 Videas
476 1119 583 1176 autem
613 1113 681 1187 iiie,
713 1114 764 1191 qui
787 1115 888 1178 uenit
893 1113 937 1173 ad
961 1113 1175 1192 penitentiam,
1207 1111 1390 1174 sacerdotem

283 1216 397 1276 tristem
419 1218 449 1274 et
470 1215 698 1292 lacrymantem,
726 1231 779 1292 pro
800 1215 862 1274 suis
888 1211 1065 1274 ieeinuribns
1086 1215 1178 1289 magis
1192 1211 1263 1291 ipse
1284 1213 1391 1274 timore

283 1315 330 1375 dei
359 1293 512 1398 perculsus
540 1313 664 1395 amptius
694 1315 826 1374 tristatur
851 1315 881 1373 et
911 1315 1070 1374 erorreseit
1098 1315 1217 1391 peccata
1245 1331 1307 1374 sue.
1350 1315 1391 1375 Et

284 1433 525 1507 unumquemque
553 1415 701 1485 huminem
730 1413 917 1484 accedentem
944 1415 981 1475 ed
1008 1413 1197 1508 penitentiam
1227 1415 1252 1474 si
1280 1413 1391 1474 rideris

284 1518 391 1582 acriter
412 1504 441 1576 et
463 1515 579 1606 assidue
601 1517 709 1576 stare
701 1534 730 1575 ιιι
752 1515 849 1638 penite
832 1515 927 1586 entia,
950 1514 1050 1574 statim
1071 1512 1189 1592 suseipe'
1210 1530 1289 1574 eum.

551 1659 639 1786 Ordo
666 1719 709 1786 ad
733 1717 874 1826 dandum
896 1716 1162 1807 penitentiam.

347 1892 509 1966 interroget
530 1889 666 1952 sacerdos
680 1886 720 1973 ⁸):
755 1887 892 1951 Credis
884 1908 913 1950 ιιι
938 1889 1027 1950 deum
1051 1891 1165 2004 patrem
1190 1890 1222 1948 et
1242 1887 1335 1952 titium
1361 1892 1392 1949 et

285 1993 421 2072 spiritum
443 1992 599 2054 sanetum?
719 2001 722 2007 ·

279 2167 282 2172 ⁴
330 2092 435 2176 Resp.
478 2089 580 2152 Credo.
631 2123 635 2130 ·

347 2191 401 2252 int
432 2189 543 2264 Credis,
565 2190 641 2268 quod
655 2192 729 2252 rstne
740 2193 802 2251 tres
815 2207 968 2269 persome,
991 2189 1135 2268 quomodo
1149 2153 1287 2263 diximus,
1308 2156 1392 2268 pater

288 2295 318 2352 et
339 2290 416 2351 tilius
439 2294 469 2354 et
489 2291 609 2370 spiritus
629 2295 748 2353 snnetus
769 2294 831 2352 tres
852 2309 994 2371 personae
1015 2293 1083 2352 sunt
1104 2294 1135 2352 et
1156 2303 1233 2354 unus
1253 2290 1352 2353 deust

293 2431 296 2440 ·
349 2391 438 2468 Itesp.
482 2389 585 2452 Credo.

289 2543 293 2557 ‚
350 2492 406 2554 int.
448 2489 569 2563 Credis,
598 2491 676 2568 quod
698 2492 727 2552 in
747 2491 804 2553 iste
826 2509 930 2565 earne,
960 2493 989 2552 in
1015 2509 1079 2568 que.
1099 2509 1176 2554 nune
1198 2509 1251 2564 es,
1279 2491 1309 2551 in
1330 2493 1394 2573 ipsa

286 2591 379 2656 habes
407 2605 563 2668 resurgere
592 2591 621 2650 in
652 2590 699 2651 die
725 2589 845 2669 judieii,
877 2595 907 2652 et
935 2593 1071 2672 recipere
1097 2592 1163 2654 sive
1189 2590 1300 2654 bonum
1329 2593 1393 2656 sive

288 2693 416 2767 malum,
440 2691 519 2770 quud
539 2692 678 2768 gessisti?

288 2831 291 2838 .
350 2794 440 2872 Resp.
483 2790 588 2852 Credo.
682 2849 685 2856 .

349 2893 405 2954 Int.
450 2893 510 2953 Vis
523 2893 676 2954 dimittere⁴
690 2892 747 2954 illis
768 2894 902 2972 peecata,
928 2891 1030 2969 quiin
1051 2894 1082 2951 te
1103 2893 1316 2971 peceaverunt,
1342 2893 1393 2954 dn·

289 2992 367 3052 mino
389 2991 517 3052 dicente:
546 2992 577 3053 Si
599 3011 654 3053 non
675 2992 849 3052 remiseritis
872 2989 1037 3052 hominibus
1059 2993 1178 3070 peecata
1196 3009 1317 3065 eorum,
1338 3009 1393 3056 neu

289 3095 372 3172 pater
392 3096 492 3154 vester
512 3092 628 3152 celestis
649 3093 775 3153 dimittet
795 3091 879 3169 robis
901 3095 1020 3170 peecata
1041 3093 1165 3154 restrui

291 3239 295 3244 .
353 3193 442 3270 Resp.
486 3190 569 3254 Volo.

320 3354 323 3359 ,
351 3291 389 3354 st
409 3293 526 3370 require
548 3310 615 3354 eum
637 3293 807 3369 diiigenter,
835 3294 860 3354 si
882 3295 928 3354 est
948 3293 1131 3356 incestuosus
1153 3296 1183 3354 et
1204 3294 1230 3354 si
1251 3313 1308 3356 nun
1330 3293 1393 3359 ruit

290 3395 352 3472 ipsa
374 3393 483 3478 impeta
505 3392 676 3474 dimittere,
695 3411 749 3469 non
772 3396 855 3472 potes
877 3395 903 3466 ei
925 3393 995 3454 dere
1017 3395 1243 3472 poenitentiam,
1272 3413 1343 3457 nam
1368 3395 1392 3456 si

289 3493 352 3555 vult
369 3494 431 3572 ipsa
449 3491 615 3565 dimittere,
636 3493 683 3554 die
700 3492 844 3571 psalmum
863 3492 1030 3555 xxxvtlz
1056 3493 1172 3556 domiue
1191 3512 1227 3555 ne
1246 3497 1276 3555 in
1294 3494 1391 3556 furore

289 3596 348 3656 tuo.
384 3593 423 3654 Et
444 3592 490 3654 die
510 3592 586 3656 hano
606 3594 785 3656 orationem:

388 3692 485 3766 Deus„
514 3693 597 3772 eujus
620 3692 795 3772 induigentia
820 3693 916 3756 cuncti
943 3693 1086 3770 indigent,
1114 3699 1264 3756 memento
1290 3694 1391 3757 iamuii

290 3834 293 3840 ,
389 3794 432 3852 tui
454 3779 481 3852 N
502 3794 532 3852 et
554 3793 605 3870 qui
628 3791 740 3854 lubrica
760 3793 928 3872 terrenique
946 3795 1075 3872 eorporis
1093 3794 1249 3873 fragititate
1266 3794 1391 3858 nudatus

389 3893 450 3964 est,
470 3909 668 3968 quaesumus,
689 3895 723 3954 ut
744 3892 796 3954 des
817 3894 933 3954 ueniam
954 3891 1121 3968 confitenti,
1142 3913 1229 3974 peree
1250 3895 1391 3976 supplici,

292 4036 296 4043 .
332 4007 340 4018 ·
390 3994 423 4052 ut
455 3993 504 4068 qni
533 3994 640 4054 nostris
672 3993 785 4062 meritis
813 4010 1004 4068 accusamur,
1040 3997 1091 4058 tua
1118 3995 1306 4060 miseratione
1336 3995 1391 4059 sal-

389 4109 503 4153 vemur.
545 4090 611 4153 Per.

351 4191 463 4253 Deinde
484 4191 529 4252 die
551 4192 713 4270 psalmum:

343 4439 370 4501 8)
389 4435 451 4488 Cod.
470 4435 521 4488 153
539 4437 661 4488 ueritatis
679 4435 759 4490 deest.

344 4522 373 4590 e)
391 4523 454 4581 Cod.
472 4525 524 4608 itt
543 4525 692 4587 interrogat.
783 4607 787 4618 Ι
