3094 5100
674 308 746 387 145

219 505 265 570 lta
291 511 408 588 quoque
434 507 531 574 nullus
557 507 741 572 secerdotum
765 507 813 572 rel
838 509 969 590 pontifex
989 515 1176 592 peccatorum
1196 514 1263 579 rul-

157 625 229 671 nera
250 627 355 672 curare
368 607 393 690 ⁴)
414 613 511 691 potest
535 615 588 672 ant
610 609 764 674 animabus
787 615 907 690 peecata
932 610 1068 688 auferre,
1095 614 1151 676 nisi
1177 631 1263 694 prae·

157 711 256 770 nano
277 709 468 773 sollicitudine
488 715 519 773 et
539 712 670 772 oratioue
691 710 889 774 lacrimarum.

220 808 347 872 Necesse
373 814 420 873 est
446 830 533 890 ergo,
560 801 667 874 iratres
692 811 853 886 carissimi,
883 812 1021 876 sollicitos
1044 831 1111 876 esse
1138 832 1263 896 peccan-

156 908 342 989 tibus,.quia
363 929 467 974 snmus
487 912 661 976 alterutrum
681 910 831 984 membra,
853 916 883 973 et
904 913 1020 990 siquid
1041 915 1151 994 patitur
1172 932 1265 976 unum

155 1009 342 1084 membrum,
369 1013 584 1092 compatiuntur
609 1013 705 1073 omnia
734 1011 876 1073 membra.
912 1010 1014 1093 Itaque
1028 1012 1052 1096 ⁸)
1083 1017 1114 1075 et
1140 1032 1209 1088 nos,
1238 1015 1265 1076 si

156 1110 319 1176 uiderimus
340 1111 469 1189 aliquem
490 1113 519 1174 in
541 1113 669 1193 peccatis
686 1111 850 1191 jacentem,
872 1111 1043 1175 festinemus
1064 1131 1133 1176 eum
1154 1114 1192 1176 ad
1213 1133 1265 1194 pe-

158 1213 390 1293 nitentiamper
416 1216 546 1275 nostram
570 1213 731 1276 doctrinam
752 1229 867 1274 vocare.
903 1213 942 1274 Et
963 1213 1193 1292 quotiescunque
1213 1213 1266 1274 de·

157 1311 236 1373 deris
257 1312 410 1375 consilium
428 1314 560 1393 peccanti
574 1309 617 1396 ⁶),
644 1311 790 1390 simulque
815 1313 852 1373 da
874 1312 915 1374 illi
936 1315 1144 1393 poenitentiam
1164 1317 1266 1376 statim

158 1415 300 1491 quantum
323 1412 428 1474 debeat
445 1411 578 1491 jejunare
596 1413 626 1471 et
643 1411 789 1472 redimere
806 1416 925 1490 peccata
945 1431 1015 1488 sua,
1037 1432 1075 1474 ne
1096 1413 1172 1475 iorte
1192 1413 1267 1474 obli-

157 1512 295 1586 uiscaris,
316 1515 459 1590 quantum
480 1528 550 1574 eum
571 1513 704 1591 oporteat
724 1529 777 1592 pro
799 1513 861 1573 suis
882 1514 1011 1590 peccatis
1026 1511 1177 1592 ieiunare,
1198 1512 1267 1576 tibi-

157 1629 217 1693 que
238 1613 437 1687 accessesit,
463 1615 625 1675 utiterum
646 1615 767 1691 peccata
788 1612 926 1692 exquiras
951 1612 987 1674 ah
1013 1630 1065 1688 eo,
1092 1613 1140 1674 ille
1167 1619 1266 1676 autem

158 1712 280 1774 iorsitan
311 1712 483 1787 erubescet,
512 1714 621 1774 iterum
648 1715 769 1794 peccata
798 1731 853 1776 sua
879 1712 1012 1776 confiteri
1041 1715 1072 1774 et
1101 1713 1267 1776 invenietur

153 1813 217 1893 jam
239 1813 365 1892 amplius
381 1813 516 1892 judicari.

220 1911 284 1974 Non
313 1915 402 1974 etiam
429 1931 532 1976 ornnes
559 1913 663 1974 clerici·
685 1911 761 1973 hanc
789 1913 964 1994 scripturam
988 1929 1133 1992 usurpare
1158 1911 1266 1974 dehent

157 2011 207 2075 rel
227 2013 342 2091 legere,
363 2014 415 2091 qui
437 2014 589 2077 inueniunt
609 2031 692 2086 eam,
714 2013 771 2074 nisi
792 2013 846 2076 soli
868 2005 926 2087 illi,
949 2013 1056 2094 quibus
1071 2031 1193 2075 necesse
1211 2017 1267 2085 est,

158 2113 215 2174 hoc
236 2117 281 2174 est
302 2115 462 2195 episcopis,
484 2113 683 2195 presbyteris,
705 2111 878 2176 sicutenim
894 2114 1070 2177 sacrificium
1087 2113 1193 2177 offerre
1210 2131 1266 2177 non

158 2213 282 2288 dehent,
311 2215 366 2276 nisi
387 2215 516 2294 episcopi
538 2217 568 2276 et
589 2211 773 2294 presbyteri,
800 2212 908 2291 quibus
928 2215 1026 2278 clares
1047 2215 1131 2292 regni
1151 2214 1267 2276 celestis

159 2314 283 2376 traditus
298 2318 391 2388 sunt,
413 2315 455 2376 sic
475 2331 530 2375 nec
546 2313 657 2393 judicia
678 2313 734 2374 ista
756 2312 805 2374 alii
826 2331 971 2394 usurpare
993 2313 1110 2376 debent,

221 2413 254 2477 Si
280 2418 381 2478 autem
408 2415 569 2476 necessitas
595 2415 727 2500 evenerit
752 2417 782 2474 et
805 2414 961 2493 presbyter
986 2433 1041 2476 ncn
1068 2414 1158 2476 luerit
1183 2431 1268 2495 prae-

159 2533 245 2588 sens,
274 2515 411 2578 diaconus
433 2515 573 2594 suscipiat
593 2515 772 2594 penitentem
799 2513 836 2576 ad
861 2516 992 2575 sanctam
1021 2513 1266 2575 communionem.

159 2617 240 2678 Siout
260 2633 330 2692 ergo
350 2616 486 2696 superius
507 2615 650 2687 diximus,
678 2612 833 2674 humiliore
860 2631 893 2674 se
919 2612 1027 2674 dehent
1051 2615 1179 2695 episcopi
1203 2614 1266 2676 sire

159 2714 324 2797 presbyteri
345 2719 375 2776 et
396 2734 464 2777 cnm
485 2714 622 2776 tristitiae
643 2715 754 2792 gemitu
778 2712 965 2791 lacrimisque
985 2731 1072 2775 orare
1093 2723 1149 2777 non
1170 2713 1265 2777 solum
1338 2759 1341 2766 .

159 2833 213 2898 pro
233 2819 296 2878 suis
316 2815 445 2889 delictis,
467 2815 520 2876 sed
541 2815 630 2875 etiam
652 2832 705 2895 pro
724 2812 955 2876 Christianorum
977 2815 1123 2889 omnium,
1144 2817 1178 2876 ut
1198 2831 1267 2894 pos·

159 2919 199 2978 sit
220 2934 289 2978 cunr
310 2916 395 2978 heato
416 2915 514 2976 dicere
534 2914 643 2978 Paulo:
671 2915 738 2994 quis
757 2913 921 2977 infirmatur
938 2917 969 2976 et
987 2931 1041 2992 ego
1059 2933 1117 2976 non
1135 2913 1267 2977 infirmor

159 3019 191 3078 et
211 3020 320 3078 cetera.
641 3032 644 3037 ·

222 3117 298 3180 Cum
319 3135 388 3196 ergo
408 3119 521 3181 venerit
541 3119 609 3196 quis
629 3117 666 3180 ad
688 3116 887 3190 sacerdotem,
908 3115 1042 3178 confiteri
1061 3121 1182 3194 peccata
1200 3133 1266 3194 sua,

158 3218 279 3281 mandet
299 3219 326 3280 ei
347 3218 498 3294 sacerdos,
523 3222 556 3281 ut
577 3221 728 3298 exspectet
748 3218 914 3292 modicum,
941 3219 1033 3280 donec
1053 3218 1143 3280 intret
1163 3219 1193 3279 in
1214 3237 1267 3282 ou·

158 3319 290 3382 biculum
310 3337 397 3382 suum
418 3318 652 3392 adorationem,
677 3321 702 3380 si
723 3323 824 3381 autem
845 3337 903 3380 non
924 3318 1059 3380 hebuerit
1080 3319 1265 3396 cubiculum,

159 3425 259 3484 tamen
280 3424 352 3484 tunc
372 3420 509 3483 sacerdos
529 3419 667 3481 inccrde
689 3435 742 3480 suo
763 3417 841 3480 dicat
860 3418 936 3480 hano
956 3419 1135 3480 orationem:

260 3521 399 3594 deinc,
427 3519 721 3600 deusomnipotens,
750 3519 893 3598 propitius
916 3521 979 3579 esto
1002 3517 1077 3578 mihi
1103 3519 1265 3598 peccatori,

259 3623 293 3683 ut
320 3620 459 3700 condigne
487 3620 539 3681 tihi
566 3621 677 3701 possim
705 3621 812 3697 gratias
840 3635 944 3696 agore,
972 3619 1023 3697 qui
1046 3633 1097 3678 me
1116 3617 1266 3694 indignum

260 3725 380 3802 propter
404 3725 487 3785 tuam
512 3720 743 3786 misericordiam
767 3719 934 3781 ministrum
956 3717 1052 3780 fecisti
1073 3717 1157 3802 officii
1171 3714 1196 3799 7)
1218 3735 1266 3782 sa·

261 3822 414 3885 cerdotalis
441 3825 471 3883 et
495 3841 544 3885 me
565 3823 705 3900 exiguum
726 3820 927 3898 humilemque
946 3819 1138 3880 mediatorem
1159 3820 1267 3880 consti-
1322 3877 1327 3883 .

259 3923 342 3984 tuisti
364 3922 401 3985 ad
422 3922 562 3985 orandum
584 3926 615 3983 et
636 3919 874 3984 intercedendum
899 3920 937 3983 ιιι
961 3919 1112 3982 dominum
1132 3921 1266 3981 nostrum

260 4021 362 4096 iesum
380 4021 530 4086 Christum
551 4041 605 4106 pro
625 4019 812 4106 peccantibus
833 4025 864 4084 et
883 4019 920 4085 ad
939 4019 1146 4100 poenitentiam
1163 4037 1265 4086 rouer-

213 4263 243 4334 t)
261 4266 325 4319 cod.
343 4265 395 4318 sss
413 4279 509 4319 surore
528 4268 610 4320 deest.

215 4352 244 4418 li)
263 4352 326 4406 (iod.
346 4351 397 4404 ιιι
415 4352 539 4418 Ideoque.

215 4439 242 4502 6)
256 4440 323 4493 'God
343 4440 395 4493 ιιι
413 4443 520 4506 peccati.

215 4527 324 4592 neon.
344 4528 395 4581 ιιι
415 4529 507 4580 omno.

205 4613 373 4668 mumanae
389 4612 587 4674 vicicnttotttldrr
602 4615 622 4666 t·
637 4615 782 4675 tussitantes.
1024 4609 1064 4674 10
