3094 5100
673 307 743 383 14³

149 499 347 582 perstultum
367 505 514 568 medicum
535 507 658 570 vulnera
682 503 847 569 animarum
875 503 945 567 fiant
972 503 1086 584 pejora,
1114 502 1256 584 propheta

149 602 281 665 dicente:
322 604 571 684 computruerunt
600 609 630 666 et
660 606 913 668 deterioraverunt
943 605 1095 667 cicatrices
1124 621 1209 666 meae
1238 625 1256 667 a

147 703 224 766 facie
245 705 427 785 insipientiae
448 723 542 768 meae.

212 801 240 864 Ο
262 804 350 866 stulte
371 805 502 879 medice,
531 806 590 866 noli
612 806 746 883 decipere
767 806 895 867 animam
916 809 1001 867 tuam
1026 808 1057 865 et
1082 803 1176 876 illius,
1206 804 1257 882 qui

148 907 180 965 te
200 905 296 977 audit,
318 923 355 967 ne
376 907 522 986 duplicem
544 924 670 984 poenam
692 907 824 985 accipias
838 905 887 968 rel
908 903 1073 985 septuplam
1095 903 1141 966 ael
1163 903 1257 965 mille·

149 1023 236 1080 nam,
257 1007 327 1070 audi
348 1006 500 1068 Christum
520 1006 684 1070 dicentem:
714 1007 744 1068 Si
766 1025 871 1068 caecus
892 1023 1013 1069 caecum
1034 1005 1150 1068 duxerit
1171 1005 1257 1069 ambo

149 1110 178 1168 in
202 1108 319 1169 foveam
341 1108 465 1181 cadunt,
487 1110 563 1170 situ
582 1126 638 1168 uon
657 1110 767 1185 cogitas
779 1108 924 1186 judicium
942 1124 1060 1178 meum,
1081 1106 1155 1171 alter
1169 1106 1257 1168 bomo

149 1226 207 1268 non
229 1208 309 1271 audit
330 1227 426 1285 neque
446 1209 543 1282 sidet,
572 1212 624 1286 qui
649 1227 698 1271 me
717 1208 837 1288 judicet.
874 1207 901 1268 Ο
923 1225 978 1268 non
1000 1207 1152 1286 intelligis,
1180 1207 1257 1286 quod

149 1304 222 1370 deus
243 1307 330 1386 juder
349 1307 444 1386 justus
466 1312 512 1370 est
533 1313 563 1369 et
584 1309 684 1383 tortis,
698 1347 701 1356 ι
715 1309 794 1372 videt
815 1311 845 1368 et
866 1309 946 1370 audit
973 1311 1004 1369 et
1030 1311 1059 1368 in
1083 1308 1180 1388 palam
1205 1309 1258 1371 ab·

150 1409 280 1472 scondita
297 1410 411 1471 deducit
429 1414 459 1470 et
475 1408 571 1470 reddit
587 1409 748 1471 secundum
766 1428 855 1489 opera
872 1413 932 1472 tua.
968 1409 1007 1470 Et
1029 1411 1153 1471 iterum:
1181 1410 1258 1472 Vere

149 1514 218 1572 sunt
239 1509 369 1572 nonnulli
391 1527 546 1572 caecorum
568 1527 675 1571 canum
698 1510 886 1572 similitudine
912 1512 1093 1572 currentium
1114 1510 1150 1573 ad
1172 1511 1258 1572 cada·

149 1627 222 1672 vera
243 1614 444 1685 mortuorum,
473 1610 521 1675 vel
547 1628 701 1673 corvomm
722 1611 900 1683 volantium,
926 1613 976 1688 qui
1000 1611 1037 1672 ad
1062 1611 1257 1674 sacerdotium

149 1709 312 1784 vehuntur,
345 1714 396 1789 qui
425 1729 480 1772 non
509 1714 629 1792 propter
657 1711 763 1783 deum,
796 1711 846 1772 sed
875 1711 941 1790 plus
971 1714 1090 1790 propter
1117 1710 1258 1774 honorem

149 1815 300 1873 terrenum
321 1814 400 1874 caeci
422 1811 567 1875 inhiantes
588 1812 716 1874 divinam
739 1813 918 1892 sapientiam.

212 1911 258 1973 De
285 1911 393 1973 talibus
421 1912 493 1972 dixit
522 1911 680 1990 Gregorius
709 1913 926 1974 Nazianzenus:
962 1913 1052 1972 timeo
1080 1911 1152 1984 hoc,
1180 1912 1258 1988 quod

150 2030 237 2075 canes
253 2012 439 2075 adsectentur
457 2014 587 2075 officium
606 2015 752 2094 pastorale
770 2015 915 2086 maxime,
937 2029 1004 2075 eum
1025 2015 1054 2072 in
1074 2013 1257 2092 semetipsis

148 2112 220 2174 nihil
241 2113 397 2191 pastoralis
417 2118 675 2194 praeparaverunt
687 2115 855 2194 disciplinae
876 2119 906 2176 et
927 2117 956 2174 in
976 2113 1112 2176 Ezechiel
1130 2131 1258 2192 namque

148 2214 207 2276 ait:
243 2212 288 2274 Ve
313 2214 479 2293 pastoribus
500 2215 608 2290 lsrael,
638 2217 688 2293 qni
713 2215 871 2296 pascebant
896 2219 991 2276 semet
1017 2217 1113 2294 ipsos,
1142 2220 1172 2276 et
1200 2233 1257 2275 non

148 2330 285 2390 gregem,
306 2313 350 2374 lac
368 2298 506 2378 bibebant
527 2319 556 2376 et
575 2317 648 2379 lanis
666 2333 768 2378 corum
786 2314 1008 2396 operiebantur,
1031 2320 1062 2376 et
1081 2315 1158 2394 quod
1177 2331 1258 2378 cras·

148 2431 216 2476 sum
237 2414 310 2488 luit,
331 2416 545 2479 manducabant
567 2421 597 2478 et
617 2417 740 2494 reliqua.

211 2515 294 2576 Nunc
314 2534 400 2592 ergo,
420 2535 439 2577 o
460 2517 582 2591 iratres,
604 2519 653 2594 qui
675 2517 802 2580 voluerit
822 2514 1031 2579 sacerdotalem
1052 2517 1256 2579 auctoritatem

149 2616 299 2696 accipere,
327 2617 492 2697 inprimitus
518 2621 637 2699 propter
666 2618 753 2679 deum
782 2619 888 2694 cogitet
916 2620 946 2677 et
973 2634 1148 2696 praeparare
1175 2633 1257 2678 arma

148 2713 212 2793 ejus
233 2719 391 2794 antequam
412 2737 518 2780 manus
540 2719 666 2798 episcopi
688 2721 787 2796 tangat
808 2720 913 2798 capnt,
936 2717 964 2777 id
986 2719 1047 2790 est,
1070 2717 1257 2796 psalterium,

148 2817 366 2890 lectionarium,
387 2819 649 2897 antyphonarinm,
672 2819 838 2892 missalem,
864 2816 1086 2896 baptisterium,
1111 2819 1257 2895 martyro·

148 2919 276 2995 logium,
306 2918 534 2997 predicationem
562 2937 628 2980 cum
655 2917 739 2980 bonis
766 2918 903 2996 operibus
934 2922 964 2979 et
992 2920 1159 2995 compotum
1188 2935 1258 2978 cum

149 3019 231 3097 cyclo
248 3018 314 3080 ¹hoc
341 3023 387 3080 est
413 3016 498 3096 jussu
525 3019 720 3081 sacerdotum.
758 3019 864 3080 Postea
893 3021 992 3080 autem
1022 3017 1258 3096 poenitentialem

149 3121 200 3195 qui
227 3119 283 3180 boe
309 3120 410 3180 ordine
437 3121 599 3183 secundum
625 3122 829 3183 anctoritatem
856 3137 1000 3182 canonum
1027 3119 1193 3192 ordinatus,
1224 3121 1259 3180 ut

149 3219 338 3280 discretiones
359 3221 491 3282 omnium
512 3240 668 3285 causarum
694 3224 851 3299 investiges
877 3224 1031 3302 primitus,
1060 3222 1123 3282 sine
1150 3219 1258 3298 quibus

149 3322 263 3382 rectum
282 3317 423 3397 judicium
445 3324 526 3382 stare
547 3342 603 3384 non
625 3325 739 3401 potest,
766 3323 833 3399 quia
858 3323 1085 3398 scriptumest:
1123 3320 1155 3380 ln
1180 3319 1259 3381 nulla

148 3438 182 3482 re
203 3439 345 3500 appareas
364 3422 555 3494 indiscretus,
577 3422 629 3484 sed
651 3423 811 3499 distingue,
834 3421 921 3500 quid,
943 3421 1018 3494 ubi,
1032 3420 1164 3498 quando,
1185 3437 1259 3498 qua-

149 3518 216 3580 liter
237 3520 346 3586 debeas
366 3521 472 3582 lacere.
510 3521 573 3582 Non
601 3523 736 3585 omnibus
763 3540 832 3599 ergo
860 3523 890 3580 in
915 3539 972 3584 una
997 3521 1158 3597 eademque
1183 3518 1258 3581 libra

150 3620 330 3700 pensandum
354 3624 415 3695 est,
443 3621 511 3682 licet
532 3623 561 3680 in
584 3640 642 3682 uno
666 3624 902 3698 constringantur
927 3622 1014 3682 vitio:
1044 3620 1096 3680 sed
1123 3619 1259 3680 discretio

149 3723 189 3788 sit
208 3739 384 3800 unoquoque
406 3741 525 3796 eorum,
547 3721 603 3784 hoc
618 3726 678 3798 est,
701 3725 776 3783 inter
792 3723 912 3784 divitem
929 3724 959 3781 et
976 3738 1153 3800 pauperem,
1174 3719 1258 3794 liber,

149 3839 271 3895 servus,
299 3821 410 3896 inians,
439 3840 527 3902 puer,
552 3820 686 3900 juvenis,
713 3822 884 3883 adulescens
905 3825 1018 3896 aetate,
1040 3838 1149 3895 senex,
1171 3819 1258 3896 ebes,

148 3941 274 4000 gnarus,
301 3923 409 3996 laicus,
436 3923 576 3996 clericus,
604 3924 783 3996 monachus,
809 3925 978 4004 episcopus,
1004 3921 1174 4002 presbyter,
1196 3922 1258 3984 dia·

150 4041 258 4096 conus,
281 4023 491 4097 subdiaconus,
513 4024 604 4084 lector
626 4026 654 4084 in
676 4024 767 4101 gradu
789 4023 836 4085 vel
858 4025 921 4084 sine
942 4024 1052 4099 gradm
1074 4023 1103 4083 in
1126 4022 1258 4102 conjugio

148 4124 197 4188 vel
214 4125 277 4184 sine
294 4122 443 4202 conjugio,
464 4126 654 4204 peregrinus,
675 4126 772 4203 virgo,
795 4124 904 4184 lamina
921 4123 1060 4187 canonica
1076 4125 1123 4188 vel
1142 4129 1258 4187 saneta-

149 4224 298 4300 monialis,
320 4225 447 4300 debiles,
469 4224 593 4300 infirmi,
615 4227 688 4290 sani.

212 4327 258 4388 Ile
285 4327 425 4406 qualitate
449 4331 638 4408 peecatorum
661 4327 709 4391 vel
733 4327 884 4389 hominum
910 4327 1060 4388 continens
1082 4326 1130 4388 vel
1156 4326 1257 4388 incon·

149 4429 247 4490 tineus
275 4429 426 4493 voluntate
453 4429 502 4493 rel
531 4447 602 4492 casu
631 4431 660 4490 in
693 4428 809 4510 publico
839 4429 886 4492 vel
919 4429 948 4488 in
979 4427 1148 4492 abscondito
1178 4426 1257 4505 quali
