3094 5100
683 333 730 410 91

156 529 238 588 xla
275 531 321 584 ΒΕ
344 529 592 586 stebecnam
615 531 700 584 NOVI
717 528 763 583 Ac
782 529 1019 584 semanimem
1036 528 1154 590 PANlS,
1181 529 1259 582 slve

520 618 565 670 ns
584 616 673 668 nulls
692 616 896 669 cnnsnunls.

221 733 250 801 S.
275 731 303 792 1.
326 727 385 804 Qui
407 733 506 790 autem
528 728 687 809 perdiderit
707 746 793 789 suum
817 730 939 802 crisma,
961 732 1013 790 aut
1033 728 1127 792 solum
1147 727 1260 792 sacrifi·

156 832 252 902 cium,
279 832 307 890 in
331 832 448 906 regione
469 829 616 906 qualibet,
645 831 754 889 utnon
780 830 960 900 inveniatur,
991 828 1041 890 lll.
1064 830 1181 902 XL¹··,
1209 834 1260 892 aut

156 947 266 992 annum
294 929 317 990 l.
340 931 494 1007 poeniteat.
537 932 566 1000 §.
588 929 618 989 2.
648 925 707 1001 Qui
730 931 895 990 creaturam
917 928 1092 1008 perdiderit,
1122 927 1178 991 boc
1199 934 1259 1003 est,

157 1029 246 1103 thus,
277 1028 410 1101 tabulas,
442 1032 493 1089 aut
518 1027 682 1099 scedulam,
710 1029 761 1090 aut
783 1028 826 1088 sal
847 1027 1052 1101 benedictum,
1083 1031 1134 1090 aut
1155 1046 1259 1108 panem

157 1147 268 1192 nonum
289 1130 500 1198 menecratum,
520 1128 568 1190 vel
590 1126 698 1204 aliquid
719 1126 789 1187 huic
810 1127 914 1200 simile,
935 1127 1002 1188 llll.
1023 1127 1085 1188 dies
1106 1128 1260 1206 poeniteat.

314 1311 416 1367 xm.
453 1311 498 1362 nn
519 1308 834 1364 anconcrufflonlt
852 1310 1106 1364 rosnrrsn'runc.

222 1437 251 1504 S.
275 1435 303 1494 1.
331 1431 407 1507 Quia
428 1429 505 1508 quod
527 1447 615 1508 saepe
635 1430 715 1491 naria
738 1430 913 1492 necessitate
942 1431 1147 1510 perpendimur
1175 1449 1261 1496 cano

157 1551 230 1593 num
258 1533 390 1593 instituta
417 1530 454 1590 de
480 1529 700 1591 reconciliandis
721 1528 951 1608 poenitentibus,
982 1529 1093 1604 idest,
1121 1534 1148 1592 in
1171 1550 1261 1594 coena

158 1633 275 1694 Domini
297 1631 419 1711 pleniter
440 1631 613 1707 nequimus,
640 1633 739 1690 tamen
761 1646 814 1690 nec
834 1631 952 1690 omnino
973 1630 1151 1706 dimittatur,
1178 1635 1262 1694 curet

157 1733 361 1810 unusquisque
390 1729 549 1808 presbiter,
579 1732 644 1808 post
672 1732 823 1808 acceptam
853 1728 1081 1805 confessionem,
1114 1735 1262 1811 poeniten·

158 1835 289 1909 tiamque
310 1831 417 1902 datam
444 1830 663 1909 monsingnlcs
687 1829 754 1890 data
774 1831 903 1890 oratione
924 1832 1112 1904 reconciliari,
1134 1836 1263 1911 exceptis

159 1933 207 1994 his
233 1933 283 2011 qui
311 1929 458 2010 publicam
485 1933 576 2006 agunt
601 1930 823 2009 poenitentiam,
853 1929 901 1991 vel
928 1931 979 2007 qui
1006 1949 1061 1992 nou
1089 1933 1212 1996 latenter
1232 1935 1261 1994 in

159 2032 300 2096 criminali
327 2033 446 2109 peccato
474 2029 547 2109 lapsi
559 2037 562 2044 ’
576 2034 663 2103 sunt3
693 2029 767 2092 tales
787 2046 858 2092 vero
879 2030 958 2091 nullo
977 2032 1063 2092 modo
1084 2035 1262 2094 reconciliari

159 2135 291 2210 oportet,
319 2132 375 2192 nisi
397 2131 427 2190 in
448 2146 537 2191 coena
558 2128 684 2190 nominc
727 2128 757 2190 Si
778 2146 850 2190 nero
870 2130 1034 2208 periculum
1055 2134 1173 2205 mortis,
1195 2149 1263 2213 pro·

161 2235 227 2311 pter
247 2230 377 2307 aliquam
397 2229 617 2300 infirmitatem,
640 2229 824 2301 incurrerint,
845 2232 912 2288 ante
934 2231 1124 2292 constitutum
1145 2235 1263 2310 tempus

160 2329 340 2392 reconciliari
360 2347 411 2392 eos
430 2332 559 2409 oportet,
591 2345 628 2388 ne
649 2327 740 2400 iorte,
762 2328 839 2406 quod
859 2327 956 2401 absit,
977 2331 1041 2390 sine
1061 2334 1264 2394 communione

160 2431 197 2492 ab
218 2430 275 2490 boc
295 2429 411 2492 saeculo
433 2428 590 2491 discedant.
633 2430 661 2499 ς.
684 2429 713 2489 2
739 2429 785 2489 De
806 2431 1009 2490 communione
1029 2432 1151 2508 privatis
1173 2434 1264 2493 etita

161 2530 314 2602 defunctis,
335 2531 364 2590 in
385 2529 524 2608 aepistola
544 2528 651 2589 Leonis
673 2546 765 2608 popae
786 2529 826 2590 ita
848 2529 988 2606 scriptum
1011 2532 1074 2590 est:
1097 2530 1263 2605 «Horum»,

160 2631 276 2707 inquid,
305 2647 422 2690 «musa
443 2628 499 2690 Dei
516 2627 625 2707 judicio
645 2628 821 2690 reservanda
844 2631 905 2698 est,
933 2629 962 2688 in
984 2627 1067 2706 cuius
1088 2647 1176 2694 manu
1198 2630 1264 2692 lue·

160 2733 214 2802 rit,
243 2732 276 2790 ut
302 2729 405 2791 talium
432 2728 529 2789 obitus
555 2746 650 2807 usque
671 2728 708 2788 ad
729 2730 942 2790 communionis
961 2730 1124 2790 remedium
1146 2731 1264 2794 differa-

160 2833 228 2902 tur3
259 2846 312 2890 nos
333 2832 432 2891 auum
455 2828 562 2906 quibus
581 2827 748 2891 virentibus
768 2845 824 2888 non
846 2829 1111 2903 comunicavimus,
1140 2831 1264 2894 mortuis

161 2931 378 2990 communicare
406 2947 462 2989 non
491 2945 684 3007 possumus».
728 2932 756 3000 §-
778 2929 807 2989 3.
840 2926 872 2989 Si
899 2929 966 3006 quis
993 2929 1030 2992 ad
1055 2930 1264 3008 poenitentiam

161 3030 261 3100 uenit,
290 3032 320 3088 et
347 3031 446 3108 postea
473 3028 568 3104 aliqua
595 3026 728 3102 egritudo
755 3031 782 3090 ei
805 3029 977 3106 contigerit,
1007 3031 1037 3090 et
1058 3047 1114 3090 non
1136 3033 1264 3110 potuerit

161 3127 322 3207 adimplere
349 3128 425 3206 quod
454 3129 496 3188 illi
520 3127 692 3189 mandatum
716 3132 763 3190 est
783 3147 801 3188 a
823 3127 989 3201 sacerdote,
1021 3131 1158 3208 quamvis
1178 3147 1266 3190 exco-

161 3229 329 3290 municatns
349 3228 416 3300 fiat,
436 3231 534 3288 tamen
557 3229 732 3307 suscipiatur
753 3229 789 3290 ad
811 3232 941 3292 sanctam
964 3230 1213 3302 cummunionem
1234 3232 1266 3289 et

162 3327 334 3390 siruluerit
355 3329 438 3389 Deus
460 3328 573 3390 salvum
594 3326 706 3399 iacere,
736 3330 822 3405 eique
843 3330 935 3390 vitam
956 3329 1128 3402 concederc,
1155 3328 1265 3407 jejunet

162 3430 275 3505 postea.
317 3428 398 3499 §.la
432 3425 464 3488 Si
491 3429 559 3505 quis
588 3445 643 3488 non
674 3429 820 3508 poenitet,
852 3430 881 3486 et
909 3426 1029 3490 forsitan
1058 3428 1215 3489 caeciderit
1234 3429 1264 3488 in

163 3526 390 3604 aegritudinem,
419 3531 449 3588 et
470 3529 628 3606 quaesierit
648 3527 884 3599 communicare,
905 3544 962 3587 uon
984 3527 1191 3606 prohibeatur,
1213 3526 1265 3587 sed

163 3626 230 3688 date
259 3628 287 3686 ei
315 3630 445 3688 sanctam
474 3629 727 3694 communionem,
760 3629 799 3687 ita
829 3630 926 3688 tamen
955 3635 987 3687 ut
1013 3627 1110 3688 omnia
1138 3625 1176 3686 sit
1197 3629 1265 3687 anie

164 3724 331 3798 confessus,
360 3729 389 3786 et
416 3728 551 3790 mandate
572 3727 614 3788 illi
633 3731 682 3802 ut,
710 3728 736 3788 si
756 3726 898 3806 placuerit
917 3725 973 3785 Dei
993 3725 1212 3786 misericordiae
1232 3729 1266 3788 ut

164 3829 292 3888 evaserit
319 3827 356 3886 de
383 3827 447 3905 ipsa
475 3827 675 3904 aegritudine,
707 3843 803 3887 mores
831 3843 899 3886 suos
927 3828 957 3885 et
978 3828 1077 3898 actus,
1109 3824 1266 3904 inquibus

165 3929 250 3988 antea
271 3925 412 4003 deliquit,
433 3928 549 3988 omnino
570 3931 715 4004 corrigere
736 3927 861 3999 debeat,
883 3943 951 3986 cum
973 3926 1169 4006 poenitentiaea
1197 3929 1266 4004 quia

164 4024 300 4084 omnibus
332 4024 541 4100 morientibus,
581 4027 741 4088 secundum
775 4026 978 4088 auctoritatem
1009 4025 1110 4086 Niceni
1143 4025 1266 4099 concilii,

165 4125 229 4185 sine
250 4128 443 4197 cunctamine,
465 4129 629 4188 communio
650 4131 680 4187 et
700 4126 896 4188 reconciliatio
916 4127 1099 4206 praebeatur.
1131 4131 1160 4198 s.
1184 4125 1212 4188 3.
1234 4126 1267 4189 Si

166 4227 266 4288 autem
288 4224 392 4302 aliquis
413 4209 681 4287 excommunicatus
702 4225 791 4287 luerit
811 4230 960 4300 mortuus,
989 4229 1039 4304 qui
1056 4227 1118 4306 jam
1140 4229 1178 4288 sit
1199 4243 1268 4286 con·

165 4322 281 4398 lessus,
303 4326 332 4384 et
353 4341 409 4384 non
430 4326 556 4385 occurrit
577 4325 809 4398 communicare,
834 4325 885 4386 sed
906 4327 1059 4404 occupavit
1080 4343 1148 4386 cum
1170 4324 1267 4389 subita

166 4439 268 4496 mors,
297 4423 361 4484 sive
382 4423 410 4482 in
431 4424 498 4495 ria,
529 4424 592 4486 sire
612 4425 642 4483 in
664 4423 765 4497 domc;
795 4424 821 4484 si
843 4427 888 4484 est
908 4424 1014 4502 aliquis
1035 4441 1072 4486 ex
1098 4422 1267 4502 parentibus

166 4520 249 4602 eiam
279 4522 332 4600 qui
356 4521 466 4600 aliquid
492 4539 547 4602 pro
573 4539 610 4583 eo
635 4521 757 4599 offerat,
786 4521 824 4587 ad
850 4525 985 4586 motum
1012 4521 1123 4599 altars,
1151 4525 1203 4586 aut
1229 4522 1267 4589 ad
