3094 5100
689 339 741 415 st

160 535 303 613 gratiam,
323 551 381 614 qua
401 535 632 599 reconciliandus
654 539 699 598 est
719 535 798 611 Deo,
820 538 944 600 invidiae
965 537 1079 601 facibus
1101 529 1266 616 agitatur».

161 636 258 698 Aliter
278 639 334 696 est.
364 634 540 698 «Peccatum
562 653 656 714 usque
678 635 714 699 ad
737 642 862 699 mortem
884 641 986 716 utique
1001 633 1109 718 'peccat
1131 641 1179 701 ille
1198 660 1268 719 pec-

160 739 258 810 cator,
289 737 340 815 qui
367 739 396 796 in
424 733 511 812 buius
542 737 713 814 temporalis
740 739 818 799 vitae
849 757 937 801 cursu
970 741 1177 820 poenitentiam
1210 760 1267 802 nou

160 837 230 912 agit.
274 835 351 896 Ecce·
371 835 419 896 bic
441 837 527 907 dicit,
549 835 625 914 quod
647 853 700 914 pro
721 836 859 899 iratribus
881 840 924 899 sic
946 839 1134 917 peccantibus
1156 856 1211 899 non
1232 841 1269 900 li·

160 939 227 997 cest
247 936 406 996 orationem
429 935 566 1008 fundere3
589 939 696 1016 quanto
718 938 812 1014 magis
834 955 888 998 nec
906 938 1082 1000 sacrificium
1097 937 1268 1000 Mediatoris

160 1035 289 1095 ollemei
330 1035 369 1096 Et
396 1036 540 1113 quomodo
567 1038 664 1113 potest
690 1055 755 1098 esse
784 1040 974 1108 conveniens,
1003 1043 1037 1100 ut
1058 1055 1111 1117 pro
1132 1039 1268 1100 omnibus

159 1137 341 1212 regeneratis
368 1136 455 1196 liceat
482 1135 657 1198 sacrificium
687 1138 810 1211 odorra,
842 1139 956 1215 quando
985 1156 1038 1216 pro
1064 1137 1203 1201 iratribus
1226 1141 1268 1200 sic

159 1233 348 1313 peccantibus
369 1237 472 1297 saltem
493 1254 549 1296 non
572 1237 739 1298 conceditur
759 1237 806 1300 vel
825 1256 943 1317 precem
958 1238 1098 1313 fundere;
1119 1240 1176 1300 nisi
1189 1238 1268 1300 forte

160 1339 202 1397 ita
224 1335 428 1412 intelligamus,
454 1340 487 1396 ut
508 1355 558 1398 eos
580 1337 762 1399 solummodo
782 1337 859 1400 dicat
879 1342 1068 1416 regeneratos
1090 1339 1117 1398 in
1140 1337 1267 1410 Christo,

161 1437 212 1512 qui
241 1434 328 1496 fidem
357 1435 551 1510 bominicam‚
581 1455 670 1513 quam
699 1435 729 1497 in
758 1437 933 1515 baptismate
962 1440 1143 1518 percipiunt,
1172 1453 1267 1514 usque

159 1533 198 1595 ad
219 1537 330 1596 exitum
350 1536 430 1598 vitae
452 1537 654 1599 inconcussam
677 1547 745 1598 cum
766 1537 850 1598 bonis
871 1539 1009 1618 operibus
1030 1537 1149 1600 student
1169 1541 1268 1598 custo·

160 1634 241 1708 dire3
268 1638 298 1695 et
319 1636 386 1713 quia
409 1638 637 1714 scriptumest:
665 1639 751 1700 Fides
774 1640 835 1698 sine
858 1639 996 1716 operibus
1017 1641 1132 1699 mortua
1154 1637 1268 1713 est3‘et

160 1735 287 1796 iterum:
309 1735 488 1798 Confitentur
508 1756 541 1797 se
564 1755 649 1798 nosse
671 1736 781 1812 Deum,
803 1739 886 1801 lactis
908 1742 1005 1800 autem
1028 1737 1186 1813 negante?
1229 1733 1268 1795 Et

158 1833 308 1896 -Jobannes
329 1835 487 1913 Apostolus
507 1837 592 1897 dicit:
616 1836 701 1910 «Qui
722 1838 791 1899 dicit
814 1857 846 1898 se
867 1840 896 1898 in
920 1837 1037 1900 Christo
1059 1855 1193 1909 manere,
1216 1835 1268 1895 de-

159 1934 212 1995 bet
232 1935 382 1998 ambulare
403 1937 479 1997 sicut
500 1937 562 2014 ipsc
584 1936 782 1999 ambulavit».
814 1937 870 1999 His
891 1954 1008 2016 qnoque
1030 1936 1181 1997 sententiis
1197 1953 1267 1996 oon-

161 2035 261 2098 cordat
282 2037 440 2097 auctoritas
461 2039 606 2100 canonica.
649 2038 682 2097 ln
705 2039 825 2098 concilio
847 2039 1035 2111 Bracarensi,
1065 2055 1128 2115 cap.
1151 2033 1203 2096 Vl.
1225 2035 1268 2096 ita

161 2137 303 2213 scriptum
333 2139 395 2196 est:
438 2136 577 2198 «Placuit
604 2141 638 2198 ut
665 2135 696 2197 hi
725 2140 774 2216 qui
797 2138 852 2199 sibi
875 2139 963 2218 ipsis,
993 2141 1044 2199 aut
1066 2155 1119 2217 per
1139 2135 1267 2207 lenum,

160 2238 212 2298 aut
234 2253 286 2313 per
306 2253 469 2308 venenum,
491 2239 542 2298 aut
563 2255 616 2317 per
637 2225 840 2317 precipitium,
861 2236 908 2297 vel
932 2235 1062 2316 quolibet
1082 2235 1184 2308 modo,
1205 2236 1269 2297 vio·

160 2335 255 2396 lenter
276 2335 401 2396 inferant
421 2338 556 2409 mortem,
579 2336 657 2399 nulla
680 2338 726 2397 bis
743 2340 982 2398 commemoratio
996 2337 1065 2410 liat3
1086 2353 1184 2413 neque
1199 2353 1268 2395 cum

160 2433 282 2515 psalmis
303 2434 340 2497 ad
353 2436 540 2514 sepulturam
563 2455 665 2498 eorum
687 2437 830 2499 cadavera
852 2437 1051 2509 deducantur;
1073 2435 1158 2496 multi
1179 2435 1269 2496 etlam

160 2535 217 2596 hoc
241 2533 298 2595 sibi
321 2533 370 2610 jus
392 2551 446 2611 per
466 2535 658 2611 ignorantiam
679 2539 833 2614 usurpant.
876 2535 1016 2596 Similiter
1036 2534 1073 2593 de
1094 2533 1140 2595 his
1161 2531 1270 2612 placuit

160 2635 213 2710 qui
234 2651 287 2712 pro
308 2635 370 2694 suis
391 2633 550 2694 sceleribus
569 2635 730 2713 puniuntur
742 2633 776 2717 ¹).
820 2633 977 2713 Dgonisins
994 2634 1174 2711 Ariopagita,
1195 2632 1271 2695 auti·

161 2750 239 2811 quus
266 2733 402 2796 videlicet
430 2737 461 2794 et
486 2733 663 2796 venerabilis
690 2737 791 2812 pater,
821 2735 890 2796 dicit
917 2734 1115 2814 blasphemias
1136 2733 1199 2794 lteo
1225 2731 1270 2794 ls-

160 2849 230 2895 eere
251 2833 302 2910 qui
322 2835 444 2894 missam
469 2829 617 2896 caelebrat
638 2853 690 2913 pro
711 2835 797 2896 malis
817 2838 847 2894 et
869 2835 966 2913 impiis
987 2831 1165 2895 bominibus.
1191 2831 1269 2893 ltem

160 2934 341 3010 ligusticus,
371 2935 401 2994 in
427 2931 502 2994 libro
522 2933 710 2995 lincbiridion
733 2935 770 2996 ad
793 2933 1002 3006 laurentium,
1034 2933 1104 2994 «De
1125 2949 1196 2994 cura
1216 2951 1270 3012 pro

160 3035 285 3095 mortuis
312 3033 482 3110 gerenda»,
512 3053 576 3111 cap.
599 3033 734 3108 CXllll.,
764 3036 804 3096 ita
829 3035 917 3096 dicits
951 3055 968 3090 «
979 3033 1084 3111 Neque
1105 3033 1296 3111 negandum‘
1380 3079 1384 3090 ,

162 3138 218 3208 est,
240 3134 441 3196 defunctorum
462 3136 574 3198 animas
596 3119 705 3213 pietate
725 3155 847 3198 suornm
861 3137 1022 3199 viventium
1043 3135 1178 3208 relevari,
1202 3153 1270 3197 cum

161 3231 216 3316 pro
244 3233 300 3295 illis
327 3233 502 3298 sacrificinm
524 3233 693 3297 Mediatoris
714 3237 853 3310 ollertur,
883 3237 930 3300 vel
953 3235 1130 3296 elemosinae
1152 3235 1180 3294 in
1204 3253 1271 3296 aeo-

163 3335 255 3397 clesia
281 3334 369 3396 fiant:
402 3336 454 3397 sed
482 3337 525 3396 eis
553 3335 627 3397 baec
655 3335 791 3414 prosunt,
823 3319 873 3412 qui
895 3356 963 3397 cum
985 3337 1119 3398 viverent
1140 3339 1174 3396 ut
1196 3335 1270 3397 baec

163 3435 219 3496 sibi
241 3439 342 3512 postea
363 3440 481 3513 possent
502 3436 641 3516 prodesse
662 3434 816 3496 metueret
838 3436 893 3495 Est
915 3437 994 3496 enim
1016 3435 1134 3513 quidam
1151 3435 1270 3497 vivendi

163 3535 268 3598 modus
296 3553 350 3596 nec
371 3541 432 3599 tam
454 3536 563 3609 bonus,
592 3539 626 3597 ut
648 3555 702 3596 non
725 3539 857 3613 requirat
879 3537 935 3596 ista
957 3536 1186 3613 postmortem,
1215 3537 1270 3595 nec'

162 3640 225 3698 tam
247 3637 359 3710 malus,
388 3641 497 3698 utnon
521 3638 547 3697 ei
569 3638 680 3717 prosint
702 3638 757 3698 ista
780 3638 846 3714 post
867 3638 1012 3708 mortem;
1044 3637 1089 3694 est
1110 3651 1182 3696 vero
1203 3632 1270 3696 talis

162 3740 194 3799 in
214 3738 305 3811 bono,
334 3741 368 3798 ut
389 3737 435 3798 bis
457 3755 513 3798 non
533 3739 682 3814 requirat,
712 3740 742 3796 et
763 3738 833 3796 item
853 3753 956 3796 rursus
977 3735 1043 3798 talis
1055 3721 1093 3794 ¹iu
1115 3732 1208 3806 malo,
1236 3737 1270 3795 ut

163 3857 218 3900 nec
240 3839 286 3899 his
307 3839 412 3911 valeat,
436 3857 503 3899 cum
524 3840 585 3900 rita
606 3839 763 3910 transierit,
785 3836 924 3915 adjuvari.
952 3834 1096 3909 Quocirca
1117 3835 1167 3895 hio
1182 3853 1270 3896 omne

164 3942 303 4001 meritum
325 3942 525 4019 comparatur,
554 3957 613 4015 quo
634 3939 726 4018 possit
746 3940 812 4017 post
835 3935 910 4000 hanc
930 3938 1022 3999 vitam
1043 3936 1168 3999 relevari
1190 3938 1271 4014 qnis-

165 4041 242 4120 piam
270 4041 318 4103 rel
347 4043 472 4117 gravari.
517 4034 611 4100 Nemo
632 4043 732 4101 autern
754 4055 787 4098 se
809 4042 908 4117 speret
929 4036 1005 4117 qnod
1026 4037 1075 4100 hic
1096 4037 1269 4114 neglexerit,

237 4267 263 4331 3)
282 4267 336 4317 Sed·
351 4267 411 4317 licet
426 4265 566 4328 Dionysius
579 4264 733 4328 ,areopagita
752 4263 820 4315 dicat
837 4264 1024 4327 blasphemiam
1044 4265 1097 4316 beo
1116 4263 1204 4318 lacere,
1224 4263 1269 4326 qui

164 4357 260 4408 missas
284 4356 359 4406 ollert
381 4368 427 4418 pro
451 4355 520 4404 malo
543 4354 662 4410 homine,
686 4352 848 4415 Augustinus
872 4358 957 4402 tamen
976 4352 1058 4408 dicit,
1084 4361 1129 4412 pro
1148 4349 1269 4399 omnibus

165 4443 318 4496 Christianis
336 4442 384 4493 hoc
403 4453 459 4492 esse
477 4433 639 4502 laciendum,
657 4440 717 4504 quia
735 4440 784 4491 boc
801 4441 841 4492 vel
860 4441 898 4490 eis
916 4439 1022 4502 proficit,
1042 4444 1087 4490 aut
1103 4429 1269 4488 offerentibus

165 4537 209 4584 aut
226 4529 380 4594 petentibus.
398 4531 428 4580 Ρ.
952 4553 956 4560 .

207 4612 787 4677 saetosus.postmueutsctmeptpapc,
1047 4611 1068 4682 7
