<?xml version="1.0" encoding="UTF-8"?>
<!DOCTYPE html PUBLIC "-//W3C//DTD XHTML 1.0 Transitional//EN"
    "http://www.w3.org/TR/xhtml1/DTD/xhtml1-transitional.dtd">
<html xmlns="http://www.w3.org/1999/xhtml" xml:lang="en" lang="en">
 <head>
  <title>
</title>
<meta http-equiv="Content-Type" content="text/html;charset=utf-8" />
  <meta name='ocr-system' content='tesseract 3.04.00' />
  <meta name='ocr-capabilities' content='ocr_page ocr_carea ocr_par ocr_line ocrx_word'/>
</head>
<body>
  <div class='ocr_page' id='page_1' title='image "./dielateinischen00kunsgoog_0110.png"; bbox 0 0 3094 5100; ppageno 0'>
   <div class='ocr_carea' id='block_1_1' title="bbox 820 325 868 400">
    <p class='ocr_par' dir='ltr' id='par_1_1' title="bbox 820 325 868 400">
     <span class='ocr_line' id='line_1_1' title="bbox 820 325 868 400; baseline 0 0"><span class='ocrx_word' id='word_1_1' title='bbox 820 325 868 400; x_wconf 82' lang='lat'>96</span> 
     </span>
    </p>
   </div>
   <div class='ocr_carea' id='block_1_2' title="bbox 254 516 1400 3692">
    <p class='ocr_par' dir='ltr' id='par_1_2' title="bbox 254 516 1400 3692">
     <span class='ocr_line' id='line_1_2' title="bbox 295 516 1396 602; baseline 0.002 -20"><span class='ocrx_word' id='word_1_2' title='bbox 295 523 342 586; x_wconf 86' lang='lat' dir='ltr'>ter</span> <span class='ocrx_word' id='word_1_3' title='bbox 362 519 391 582; x_wconf 88' lang='lat' dir='ltr'>iu</span> <span class='ocrx_word' id='word_1_4' title='bbox 411 537 503 591; x_wconf 87' lang='lat' dir='ltr'>anno,</span> <span class='ocrx_word' id='word_1_5' title='bbox 524 520 609 584; x_wconf 87' lang='lat' dir='ltr'>tertia</span> <span class='ocrx_word' id='word_1_6' title='bbox 630 519 694 592; x_wconf 88' lang='lat' dir='ltr'>die,</span> <span class='ocrx_word' id='word_1_7' title='bbox 715 523 746 580; x_wconf 90' lang='lat' dir='ltr'>et</span> <span class='ocrx_word' id='word_1_8' title='bbox 756 516 779 602; x_wconf 88' lang='lat'>²)</span> <span class='ocrx_word' id='word_1_9' title='bbox 801 520 925 599; x_wconf 87' lang='lat' dir='ltr'>septima</span> <span class='ocrx_word' id='word_1_10' title='bbox 944 521 974 580; x_wconf 90' lang='lat' dir='ltr'>et</span> <span class='ocrx_word' id='word_1_11' title='bbox 989 519 1189 597; x_wconf 76' lang='lat' dir='ltr'>trigesima²);</span> <span class='ocrx_word' id='word_1_12' title='bbox 1210 524 1278 599; x_wconf 84' lang='lat' dir='ltr'>quia</span> <span class='ocrx_word' id='word_1_13' title='bbox 1291 540 1396 590; x_wconf 83' lang='lat' dir='ltr'>surre-</span> 
     </span>
     <span class='ocr_line' id='line_1_3' title="bbox 294 617 1397 699; baseline 0.002 -19"><span class='ocrx_word' id='word_1_14' title='bbox 294 621 338 680; x_wconf 84' lang='lat' dir='ltr'>xit</span> <span class='ocrx_word' id='word_1_15' title='bbox 358 619 497 689; x_wconf 79' lang='lat' dir='ltr'><strong>Dominus</strong></span> <span class='ocrx_word' id='word_1_16' title='bbox 510 617 552 698; x_wconf 80' lang='lat'>³),</span> <span class='ocrx_word' id='word_1_17' title='bbox 581 625 612 681; x_wconf 89' lang='lat' dir='ltr'>et</span> <span class='ocrx_word' id='word_1_18' title='bbox 631 620 697 682; x_wconf 90' lang='lat' dir='ltr'>Vll.</span> <span class='ocrx_word' id='word_1_19' title='bbox 720 620 781 680; x_wconf 90' lang='lat' dir='ltr'>dies</span> <span class='ocrx_word' id='word_1_20' title='bbox 800 618 971 698; x_wconf 78' lang='lat' dir='ltr'>jejunavere</span> <span class='ocrx_word' id='word_1_21' title='bbox 991 617 1043 680; x_wconf 86' lang='lat' dir='ltr'>filii</span> <span class='ocrx_word' id='word_1_22' title='bbox 1064 618 1153 682; x_wconf 87' lang='lat' dir='ltr'>lsrael</span> <span class='ocrx_word' id='word_1_23' title='bbox 1176 638 1228 699; x_wconf 95' lang='lat' dir='ltr'>pro</span> <span class='ocrx_word' id='word_1_24' title='bbox 1248 619 1336 694; x_wconf 87' lang='lat' dir='ltr'>Saul,</span> <span class='ocrx_word' id='word_1_25' title='bbox 1364 623 1397 682; x_wconf 87' lang='lat' dir='ltr'>et</span> 
     </span>
     <span class='ocr_line' id='line_1_4' title="bbox 294 718 1397 799; baseline 0 -19"><span class='ocrx_word' id='word_1_26' title='bbox 294 719 395 780; x_wconf 87' lang='lat' dir='ltr'>XXX.</span> <span class='ocrx_word' id='word_1_27' title='bbox 412 718 492 790; x_wconf 91' lang='lat' dir='ltr'>dies,</span> <span class='ocrx_word' id='word_1_28' title='bbox 513 721 589 780; x_wconf 91' lang='lat' dir='ltr'>sicut</span> <span class='ocrx_word' id='word_1_29' title='bbox 605 722 742 799; x_wconf 88' lang='lat' dir='ltr'>superius</span> <span class='ocrx_word' id='word_1_30' title='bbox 758 721 943 793; x_wconf 87' lang='lat' dir='ltr'>dictumest,</span> <span class='ocrx_word' id='word_1_31' title='bbox 965 719 1088 798; x_wconf 81' lang='lat' dir='ltr'>Moysen</span> <span class='ocrx_word' id='word_1_32' title='bbox 1103 720 1255 798; x_wconf 76' lang='lat' dir='ltr'>planxere!</span> <span class='ocrx_word' id='word_1_33' title='bbox 1299 726 1329 792; x_wconf 86' lang='lat'>§.</span> <span class='ocrx_word' id='word_1_34' title='bbox 1346 719 1397 782; x_wconf 80' lang='lat' dir='ltr'>lt.</span> 
     </span>
     <span class='ocr_line' id='line_1_5' title="bbox 293 807 1398 899; baseline -0.005 -16"><span class='ocrx_word' id='word_1_35' title='bbox 293 819 393 884; x_wconf 83' lang='lat' dir='ltr'>Solent</span> <span class='ocrx_word' id='word_1_36' title='bbox 415 819 542 880; x_wconf 88' lang='lat' dir='ltr'>nonnulli</span> <span class='ocrx_word' id='word_1_37' title='bbox 561 807 668 880; x_wconf 85' lang='lat' dir='ltr'>dicere</span> <span class='ocrx_word' id='word_1_38' title='bbox 680 821 787 892; x_wconf 91' lang='lat' dir='ltr'>etiam,</span> <span class='ocrx_word' id='word_1_39' title='bbox 809 817 886 898; x_wconf 89' lang='lat' dir='ltr'>quod</span> <span class='ocrx_word' id='word_1_40' title='bbox 909 837 965 878; x_wconf 91' lang='lat' dir='ltr'>non</span> <span class='ocrx_word' id='word_1_41' title='bbox 987 819 1072 880; x_wconf 90' lang='lat' dir='ltr'>liceat</span> <span class='ocrx_word' id='word_1_42' title='bbox 1092 821 1213 882; x_wconf 88' lang='lat' dir='ltr'>missam</span> <span class='ocrx_word' id='word_1_43' title='bbox 1233 838 1286 899; x_wconf 94' lang='lat' dir='ltr'>pro</span> <span class='ocrx_word' id='word_1_44' title='bbox 1300 818 1398 882; x_wconf 85' lang='lat' dir='ltr'>inian-</span> 
     </span>
     <span class='ocr_line' id='line_1_6' title="bbox 291 919 1398 1000; baseline -0.002 -20"><span class='ocrx_word' id='word_1_45' title='bbox 291 920 371 1000; x_wconf 87' lang='lat' dir='ltr'>tibus</span> <span class='ocrx_word' id='word_1_46' title='bbox 392 922 509 980; x_wconf 88' lang='lat' dir='ltr'>cantare</span> <span class='ocrx_word' id='word_1_47' title='bbox 529 924 597 978; x_wconf 90' lang='lat' dir='ltr'>ante</span> <span class='ocrx_word' id='word_1_48' title='bbox 611 919 799 992; x_wconf 66' lang='lat' dir='ltr'>Vll,annos‚</span> <span class='ocrx_word' id='word_1_49' title='bbox 821 920 872 980; x_wconf 89' lang='lat' dir='ltr'>sed</span> <span class='ocrx_word' id='word_1_50' title='bbox 887 919 918 980; x_wconf 92' lang='lat' dir='ltr'>hi</span> <span class='ocrx_word' id='word_1_51' title='bbox 932 921 1070 980; x_wconf 79' lang='lat' dir='ltr'>uimimm</span> <span class='ocrx_word' id='word_1_52' title='bbox 1085 920 1247 999; x_wconf 84' lang='lat' dir='ltr'>improuida</span> <span class='ocrx_word' id='word_1_53' title='bbox 1260 919 1398 980; x_wconf 91' lang='lat' dir='ltr'>conside·</span> 
     </span>
     <span class='ocr_line' id='line_1_7' title="bbox 293 1017 1398 1098; baseline -0.001 -17"><span class='ocrx_word' id='word_1_54' title='bbox 293 1021 403 1083; x_wconf 89' lang='lat' dir='ltr'>ratione</span> <span class='ocrx_word' id='word_1_55' title='bbox 422 1018 577 1092; x_wconf 82' lang='lat' dir='ltr'>falluntur3</span> <span class='ocrx_word' id='word_1_56' title='bbox 600 1021 667 1098; x_wconf 85' lang='lat' dir='ltr'>quia</span> <span class='ocrx_word' id='word_1_57' title='bbox 681 1017 824 1080; x_wconf 85' lang='lat' dir='ltr'>vedelicet</span> <span class='ocrx_word' id='word_1_58' title='bbox 838 1023 867 1080; x_wconf 92' lang='lat' dir='ltr'>et</span> <span class='ocrx_word' id='word_1_59' title='bbox 887 1021 915 1079; x_wconf 93' lang='lat' dir='ltr'>in</span> <span class='ocrx_word' id='word_1_60' title='bbox 929 1018 1019 1079; x_wconf 91' lang='lat' dir='ltr'>Libro</span> <span class='ocrx_word' id='word_1_61' title='bbox 1035 1018 1289 1083; x_wconf 80' lang='lat' dir='ltr'>sacramentorum</span> <span class='ocrx_word' id='word_1_62' title='bbox 1304 1019 1398 1084; x_wconf 82' lang='lat' dir='ltr'>missa</span> 
     </span>
     <span class='ocr_line' id='line_1_8' title="bbox 293 1117 1397 1197; baseline -0.001 -19"><span class='ocrx_word' id='word_1_63' title='bbox 293 1117 457 1197; x_wconf 87' lang='lat' dir='ltr'>repperitur</span> <span class='ocrx_word' id='word_1_64' title='bbox 470 1135 522 1196; x_wconf 93' lang='lat' dir='ltr'>pro</span> <span class='ocrx_word' id='word_1_65' title='bbox 538 1135 630 1197; x_wconf 86' lang='lat' dir='ltr'>nuper</span> <span class='ocrx_word' id='word_1_66' title='bbox 644 1117 798 1197; x_wconf 88' lang='lat' dir='ltr'>baptizato.</span> <span class='ocrx_word' id='word_1_67' title='bbox 835 1122 863 1190; x_wconf 62' lang='grc' dir='ltr'>δ.</span> <span class='ocrx_word' id='word_1_68' title='bbox 882 1119 930 1181; x_wconf 82' lang='lat'>15.</span> <span class='ocrx_word' id='word_1_69' title='bbox 946 1117 1083 1180; x_wconf 91' lang='lat' dir='ltr'>Nonnulli</span> <span class='ocrx_word' id='word_1_70' title='bbox 1097 1119 1190 1180; x_wconf 85' lang='lat' dir='ltr'>solent</span> <span class='ocrx_word' id='word_1_71' title='bbox 1205 1120 1397 1195; x_wconf 87' lang='lat' dir='ltr'>interrogare,</span> 
     </span>
     <span class='ocr_line' id='line_1_9' title="bbox 293 1217 1396 1303; baseline -0.002 -23"><span class='ocrx_word' id='word_1_72' title='bbox 293 1219 318 1280; x_wconf 91' lang='lat' dir='ltr'>si</span> <span class='ocrx_word' id='word_1_73' title='bbox 339 1235 391 1296; x_wconf 90' lang='lat' dir='ltr'>pro</span> <span class='ocrx_word' id='word_1_74' title='bbox 412 1217 546 1280; x_wconf 91' lang='lat' dir='ltr'>omnibus</span> <span class='ocrx_word' id='word_1_75' title='bbox 568 1219 747 1303; x_wconf 81' lang='lat' dir='ltr'>regeneratis</span> <span class='ocrx_word' id='word_1_76' title='bbox 771 1219 855 1282; x_wconf 87' lang='lat' dir='ltr'>liceat</span> <span class='ocrx_word' id='word_1_77' title='bbox 879 1218 1053 1281; x_wconf 86' lang='lat' dir='ltr'>sacrificium</span> <span class='ocrx_word' id='word_1_78' title='bbox 1077 1218 1246 1282; x_wconf 85' lang='lat' dir='ltr'>Mediatoris</span> <span class='ocrx_word' id='word_1_79' title='bbox 1267 1219 1396 1291; x_wconf 81' lang='lat' dir='ltr'>offerre,</span> 
     </span>
     <span class='ocr_line' id='line_1_10' title="bbox 254 1316 1397 1404; baseline 0.001 -26"><span class='ocrx_word' id='word_1_80' title='bbox 254 1333 256 1336; x_wconf 89' lang='grc'><strong><em>·</em></strong></span> <span class='ocrx_word' id='word_1_81' title='bbox 294 1319 428 1394; x_wconf 86' lang='lat' dir='ltr'>quamvis</span> <span class='ocrx_word' id='word_1_82' title='bbox 450 1316 675 1393; x_wconf 82' lang='lat' dir='ltr'>flagitiosissime</span> <span class='ocrx_word' id='word_1_83' title='bbox 689 1318 881 1396; x_wconf 26' lang='lat' dir='ltr'>triremibus,</span> <span class='ocrx_word' id='word_1_84' title='bbox 902 1320 932 1378; x_wconf 91' lang='lat' dir='ltr'>et</span> <span class='ocrx_word' id='word_1_85' title='bbox 955 1319 984 1378; x_wconf 91' lang='lat' dir='ltr'>in</span> <span class='ocrx_word' id='word_1_86' title='bbox 1002 1319 1091 1404; x_wconf 16' lang='lat' dir='ltr'>‘malis</span> <span class='ocrx_word' id='word_1_87' title='bbox 1104 1319 1397 1403; x_wconf 12' lang='lat' dir='ltr'>operibustperseve-</span> 
     </span>
     <span class='ocr_line' id='line_1_11' title="bbox 293 1417 1396 1498; baseline 0 -18"><span class='ocrx_word' id='word_1_88' title='bbox 293 1417 447 1480; x_wconf 73' lang='lat' dir='ltr'>rantibus?</span> <span class='ocrx_word' id='word_1_89' title='bbox 489 1417 534 1477; x_wconf 90' lang='lat' dir='ltr'>De</span> <span class='ocrx_word' id='word_1_90' title='bbox 560 1418 615 1480; x_wconf 92' lang='lat' dir='ltr'>hac</span> <span class='ocrx_word' id='word_1_91' title='bbox 640 1419 793 1496; x_wconf 78' lang='lat' dir='ltr'>questione</span> <span class='ocrx_word' id='word_1_92' title='bbox 816 1419 897 1490; x_wconf 85' lang='lat' dir='ltr'>varia</span> <span class='ocrx_word' id='word_1_93' title='bbox 922 1420 1063 1497; x_wconf 84' lang='lat' dir='ltr'>expositio</span> <span class='ocrx_word' id='word_1_94' title='bbox 1086 1423 1201 1498; x_wconf 90' lang='lat' dir='ltr'>patrum</span> <span class='ocrx_word' id='word_1_95' title='bbox 1228 1420 1396 1490; x_wconf 68' lang='lat' dir='ltr'>iuveniturs</span> 
     </span>
     <span class='ocr_line' id='line_1_12' title="bbox 293 1503 1397 1596; baseline 0.001 -18"><span class='ocrx_word' id='word_1_96' title='bbox 293 1519 344 1578; x_wconf 89' lang='lat' dir='ltr'>sed</span> <span class='ocrx_word' id='word_1_97' title='bbox 366 1516 478 1592; x_wconf 83' lang='lat' dir='ltr'>singula</span> <span class='ocrx_word' id='word_1_98' title='bbox 498 1520 566 1580; x_wconf 90' lang='lat' dir='ltr'>ante</span> <span class='ocrx_word' id='word_1_99' title='bbox 587 1518 686 1578; x_wconf 92' lang='lat' dir='ltr'>oculos</span> <span class='ocrx_word' id='word_1_100' title='bbox 708 1535 868 1596; x_wconf 87' lang='lat' dir='ltr'>ponemus,</span> <span class='ocrx_word' id='word_1_101' title='bbox 891 1535 966 1594; x_wconf 89' lang='lat' dir='ltr'>quae</span> <span class='ocrx_word' id='word_1_102' title='bbox 981 1518 1018 1580; x_wconf 93' lang='lat' dir='ltr'>ad</span> <span class='ocrx_word' id='word_1_103' title='bbox 1032 1519 1203 1582; x_wconf 88' lang='lat' dir='ltr'>memoriam</span> <span class='ocrx_word' id='word_1_104' title='bbox 1217 1503 1397 1590; x_wconf 86' lang='lat' dir='ltr'>recurrunt,</span> 
     </span>
     <span class='ocr_line' id='line_1_13' title="bbox 293 1611 1396 1696; baseline 0 -18"><span class='ocrx_word' id='word_1_105' title='bbox 293 1620 326 1678; x_wconf 90' lang='lat' dir='ltr'>ut</span> <span class='ocrx_word' id='word_1_106' title='bbox 352 1611 554 1695; x_wconf 88' lang='lat' dir='ltr'>unusquisque</span> <span class='ocrx_word' id='word_1_107' title='bbox 578 1617 655 1694; x_wconf 91' lang='lat' dir='ltr'>quod</span> <span class='ocrx_word' id='word_1_108' title='bbox 679 1618 750 1678; x_wconf 83' lang='lat' dir='ltr'>velit</span> <span class='ocrx_word' id='word_1_109' title='bbox 775 1619 914 1680; x_wconf 85' lang='lat' dir='ltr'>assumat.</span> <span class='ocrx_word' id='word_1_110' title='bbox 957 1616 1138 1680; x_wconf 81' lang='lat' dir='ltr'>Venerabilis</span> <span class='ocrx_word' id='word_1_111' title='bbox 1160 1621 1243 1696; x_wconf 88' lang='lat' dir='ltr'>pater</span> <span class='ocrx_word' id='word_1_112' title='bbox 1266 1637 1396 1696; x_wconf 86' lang='lat' dir='ltr'>namque</span> 
     </span>
     <span class='ocr_line' id='line_1_14' title="bbox 293 1716 1397 1796; baseline 0.002 -18"><span class='ocrx_word' id='word_1_113' title='bbox 293 1716 476 1793; x_wconf 76' lang='lat' dir='ltr'>Augustinus</span> <span class='ocrx_word' id='word_1_114' title='bbox 496 1717 532 1778; x_wconf 93' lang='lat' dir='ltr'>ad</span> <span class='ocrx_word' id='word_1_115' title='bbox 547 1717 718 1789; x_wconf 87' lang='lat' dir='ltr'>Paulinum,</span> <span class='ocrx_word' id='word_1_116' title='bbox 742 1717 811 1777; x_wconf 89' lang='lat' dir='ltr'>«De</span> <span class='ocrx_word' id='word_1_117' title='bbox 833 1735 902 1778; x_wconf 90' lang='lat' dir='ltr'>cura</span> <span class='ocrx_word' id='word_1_118' title='bbox 923 1734 976 1796; x_wconf 94' lang='lat' dir='ltr'>pro</span> <span class='ocrx_word' id='word_1_119' title='bbox 990 1719 1113 1778; x_wconf 92' lang='lat' dir='ltr'>mortuis</span> <span class='ocrx_word' id='word_1_120' title='bbox 1128 1718 1299 1794; x_wconf 83' lang='lat' dir='ltr'>gerenda»,</span> <span class='ocrx_word' id='word_1_121' title='bbox 1322 1718 1397 1780; x_wconf 89' lang='lat' dir='ltr'>libro</span> 
     </span>
     <span class='ocr_line' id='line_1_15' title="bbox 293 1813 1398 1898; baseline 0.002 -20"><span class='ocrx_word' id='word_1_122' title='bbox 293 1817 437 1888; x_wconf 92' lang='lat' dir='ltr'>secundo,</span> <span class='ocrx_word' id='word_1_123' title='bbox 460 1817 501 1880; x_wconf 90' lang='lat' dir='ltr'>ita</span> <span class='ocrx_word' id='word_1_124' title='bbox 521 1818 607 1880; x_wconf 86' lang='lat' dir='ltr'>dicit:</span> <span class='ocrx_word' id='word_1_125' title='bbox 631 1813 801 1890; x_wconf 84' lang='lat' dir='ltr'>«Quamvis</span> <span class='ocrx_word' id='word_1_126' title='bbox 822 1835 877 1876; x_wconf 89' lang='lat' dir='ltr'>non</span> <span class='ocrx_word' id='word_1_127' title='bbox 901 1834 952 1894; x_wconf 94' lang='lat' dir='ltr'>pro</span> <span class='ocrx_word' id='word_1_128' title='bbox 968 1817 1073 1894; x_wconf 91' lang='lat' dir='ltr'>quihus</span> <span class='ocrx_word' id='word_1_129' title='bbox 1088 1817 1162 1878; x_wconf 87' lang='lat' dir='ltr'>fiunt</span> <span class='ocrx_word' id='word_1_130' title='bbox 1176 1818 1312 1880; x_wconf 91' lang='lat' dir='ltr'>omnibus</span> <span class='ocrx_word' id='word_1_131' title='bbox 1328 1837 1398 1898; x_wconf 91' lang='lat' dir='ltr'>pro·</span> 
     </span>
     <span class='ocr_line' id='line_1_16' title="bbox 292 1917 1398 1998; baseline 0 -20"><span class='ocrx_word' id='word_1_132' title='bbox 292 1919 366 1990; x_wconf 88' lang='lat' dir='ltr'>sint,</span> <span class='ocrx_word' id='word_1_133' title='bbox 387 1917 440 1978; x_wconf 90' lang='lat' dir='ltr'>sed</span> <span class='ocrx_word' id='word_1_134' title='bbox 461 1918 504 1978; x_wconf 87' lang='lat' dir='ltr'>eis</span> <span class='ocrx_word' id='word_1_135' title='bbox 524 1920 638 1979; x_wconf 88' lang='lat' dir='ltr'>tanturn</span> <span class='ocrx_word' id='word_1_136' title='bbox 659 1937 712 1996; x_wconf 91' lang='lat' dir='ltr'>pro</span> <span class='ocrx_word' id='word_1_137' title='bbox 730 1917 837 1995; x_wconf 90' lang='lat' dir='ltr'>quibus</span> <span class='ocrx_word' id='word_1_138' title='bbox 859 1917 928 1978; x_wconf 89' lang='lat' dir='ltr'>dum</span> <span class='ocrx_word' id='word_1_139' title='bbox 943 1918 1045 1979; x_wconf 84' lang='lat' dir='ltr'>vivunt</span> <span class='ocrx_word' id='word_1_140' title='bbox 1060 1922 1265 1998; x_wconf 87' lang='lat' dir='ltr'>comparantur</span> <span class='ocrx_word' id='word_1_141' title='bbox 1278 1922 1313 1980; x_wconf 89' lang='lat' dir='ltr'>ut</span> <span class='ocrx_word' id='word_1_142' title='bbox 1329 1936 1398 1997; x_wconf 91' lang='lat' dir='ltr'>pro-</span> 
     </span>
     <span class='ocr_line' id='line_1_17' title="bbox 292 2017 1397 2097; baseline 0.001 -18"><span class='ocrx_word' id='word_1_143' title='bbox 292 2019 367 2089; x_wconf 90' lang='lat' dir='ltr'>siut;</span> <span class='ocrx_word' id='word_1_144' title='bbox 388 2018 440 2078; x_wconf 90' lang='lat' dir='ltr'>sed</span> <span class='ocrx_word' id='word_1_145' title='bbox 462 2018 530 2095; x_wconf 90' lang='lat' dir='ltr'>quia</span> <span class='ocrx_word' id='word_1_146' title='bbox 552 2035 608 2076; x_wconf 91' lang='lat' dir='ltr'>non</span> <span class='ocrx_word' id='word_1_147' title='bbox 628 2017 821 2078; x_wconf 87' lang='lat' dir='ltr'>discernimus</span> <span class='ocrx_word' id='word_1_148' title='bbox 843 2019 893 2094; x_wconf 85' lang='lat' dir='ltr'>qui</span> <span class='ocrx_word' id='word_1_149' title='bbox 915 2019 986 2089; x_wconf 89' lang='lat' dir='ltr'>sint,</span> <span class='ocrx_word' id='word_1_150' title='bbox 1009 2021 1123 2096; x_wconf 90' lang='lat' dir='ltr'>oportet</span> <span class='ocrx_word' id='word_1_151' title='bbox 1142 2037 1176 2080; x_wconf 86' lang='lat' dir='ltr'>ea</span> <span class='ocrx_word' id='word_1_152' title='bbox 1198 2037 1250 2097; x_wconf 92' lang='lat' dir='ltr'>pro</span> <span class='ocrx_word' id='word_1_153' title='bbox 1272 2036 1397 2095; x_wconf 83' lang='lat' dir='ltr'>regene-</span> 
     </span>
     <span class='ocr_line' id='line_1_18' title="bbox 293 2116 1397 2202; baseline 0 -24"><span class='ocrx_word' id='word_1_154' title='bbox 293 2119 365 2179; x_wconf 90' lang='lat' dir='ltr'>ratis</span> <span class='ocrx_word' id='word_1_155' title='bbox 385 2117 519 2177; x_wconf 90' lang='lat' dir='ltr'>omnibus</span> <span class='ocrx_word' id='word_1_156' title='bbox 540 2116 654 2188; x_wconf 87' lang='lat' dir='ltr'>tacere,</span> <span class='ocrx_word' id='word_1_157' title='bbox 681 2119 714 2176; x_wconf 94' lang='lat' dir='ltr'>ut</span> <span class='ocrx_word' id='word_1_158' title='bbox 733 2117 828 2178; x_wconf 87' lang='lat' dir='ltr'>nullus</span> <span class='ocrx_word' id='word_1_159' title='bbox 848 2134 949 2178; x_wconf 89' lang='lat' dir='ltr'>eorum</span> <span class='ocrx_word' id='word_1_160' title='bbox 971 2118 1238 2202; x_wconf 82' lang='lat' dir='ltr'>praetermittatur,</span> <span class='ocrx_word' id='word_1_161' title='bbox 1261 2117 1298 2178; x_wconf 90' lang='lat' dir='ltr'>ad</span> <span class='ocrx_word' id='word_1_162' title='bbox 1321 2135 1397 2194; x_wconf 87' lang='lat' dir='ltr'>quos</span> 
     </span>
     <span class='ocr_line' id='line_1_19' title="bbox 293 2213 1398 2296; baseline -0.001 -19"><span class='ocrx_word' id='word_1_163' title='bbox 293 2216 365 2277; x_wconf 88' lang='lat' dir='ltr'>haec</span> <span class='ocrx_word' id='word_1_164' title='bbox 387 2215 527 2276; x_wconf 82' lang='lat' dir='ltr'>beneficia</span> <span class='ocrx_word' id='word_1_165' title='bbox 548 2217 660 2293; x_wconf 83' lang='lat' dir='ltr'>possint</span> <span class='ocrx_word' id='word_1_166' title='bbox 680 2217 710 2274; x_wconf 91' lang='lat' dir='ltr'>et</span> <span class='ocrx_word' id='word_1_167' title='bbox 725 2213 849 2275; x_wconf 90' lang='lat' dir='ltr'>debeant</span> <span class='ocrx_word' id='word_1_168' title='bbox 867 2219 1038 2294; x_wconf 80' lang='lat' dir='ltr'>pervenire3</span> <span class='ocrx_word' id='word_1_169' title='bbox 1059 2215 1165 2278; x_wconf 88' lang='lat' dir='ltr'>melius</span> <span class='ocrx_word' id='word_1_170' title='bbox 1181 2219 1259 2278; x_wconf 89' lang='lat' dir='ltr'>enim</span> <span class='ocrx_word' id='word_1_171' title='bbox 1273 2235 1398 2296; x_wconf 88' lang='lat' dir='ltr'>supere-</span> 
     </span>
     <span class='ocr_line' id='line_1_20' title="bbox 293 2314 1398 2395; baseline -0.001 -18"><span class='ocrx_word' id='word_1_172' title='bbox 293 2320 362 2378; x_wconf 89' lang='lat' dir='ltr'>runt</span> <span class='ocrx_word' id='word_1_173' title='bbox 386 2334 474 2394; x_wconf 89' lang='lat' dir='ltr'>super</span> <span class='ocrx_word' id='word_1_174' title='bbox 495 2317 538 2375; x_wconf 90' lang='lat' dir='ltr'>eis</span> <span class='ocrx_word' id='word_1_175' title='bbox 558 2314 664 2393; x_wconf 89' lang='lat' dir='ltr'>quibus</span> <span class='ocrx_word' id='word_1_176' title='bbox 685 2333 738 2375; x_wconf 87' lang='lat' dir='ltr'>nec</span> <span class='ocrx_word' id='word_1_177' title='bbox 758 2314 864 2376; x_wconf 88' lang='lat' dir='ltr'>obsunt</span> <span class='ocrx_word' id='word_1_178' title='bbox 882 2333 936 2375; x_wconf 87' lang='lat' dir='ltr'>nec</span> <span class='ocrx_word' id='word_1_179' title='bbox 950 2320 1089 2394; x_wconf 91' lang='lat' dir='ltr'>prosunt,</span> <span class='ocrx_word' id='word_1_180' title='bbox 1111 2335 1199 2395; x_wconf 89' lang='lat' dir='ltr'>quam</span> <span class='ocrx_word' id='word_1_181' title='bbox 1215 2319 1257 2377; x_wconf 88' lang='lat' dir='ltr'>eis</span> <span class='ocrx_word' id='word_1_182' title='bbox 1271 2317 1398 2377; x_wconf 88' lang='lat' dir='ltr'>deerunt</span> 
     </span>
     <span class='ocr_line' id='line_1_21' title="bbox 292 2415 1397 2496; baseline 0 -18"><span class='ocrx_word' id='word_1_183' title='bbox 292 2416 400 2496; x_wconf 86' lang='lat' dir='ltr'>quibus</span> <span class='ocrx_word' id='word_1_184' title='bbox 422 2418 581 2495; x_wconf 82' lang='lat' dir='ltr'>prosunt».</span> <span class='ocrx_word' id='word_1_185' title='bbox 624 2415 682 2476; x_wconf 92' lang='lat' dir='ltr'>Sed</span> <span class='ocrx_word' id='word_1_186' title='bbox 703 2415 772 2476; x_wconf 91' lang='lat' dir='ltr'>huic</span> <span class='ocrx_word' id='word_1_187' title='bbox 795 2416 955 2477; x_wconf 87' lang='lat' dir='ltr'>sententiae</span> <span class='ocrx_word' id='word_1_188' title='bbox 978 2417 1093 2478; x_wconf 86' lang='lat' dir='ltr'>videtur</span> <span class='ocrx_word' id='word_1_189' title='bbox 1117 2418 1293 2478; x_wconf 90' lang='lat' dir='ltr'>contrarium</span> <span class='ocrx_word' id='word_1_190' title='bbox 1317 2417 1397 2495; x_wconf 91' lang='lat' dir='ltr'>quod</span> 
     </span>
     <span class='ocr_line' id='line_1_22' title="bbox 293 2514 1396 2594; baseline -0.002 -16"><span class='ocrx_word' id='word_1_191' title='bbox 293 2517 439 2578; x_wconf 86' lang='lat' dir='ltr'>lohannes</span> <span class='ocrx_word' id='word_1_192' title='bbox 453 2515 609 2594; x_wconf 77' lang='lat' dir='ltr'>Apostolus</span> <span class='ocrx_word' id='word_1_193' title='bbox 631 2514 716 2574; x_wconf 88' lang='lat' dir='ltr'>dicit:</span> <span class='ocrx_word' id='word_1_194' title='bbox 740 2515 820 2576; x_wconf 86' lang='lat' dir='ltr'>«Est</span> <span class='ocrx_word' id='word_1_195' title='bbox 841 2518 993 2592; x_wconf 88' lang='lat' dir='ltr'>peccatum</span> <span class='ocrx_word' id='word_1_196' title='bbox 1014 2534 1108 2594; x_wconf 89' lang='lat' dir='ltr'>usque</span> <span class='ocrx_word' id='word_1_197' title='bbox 1122 2516 1159 2576; x_wconf 91' lang='lat' dir='ltr'>ad</span> <span class='ocrx_word' id='word_1_198' title='bbox 1173 2518 1315 2589; x_wconf 88' lang='lat' dir='ltr'>mortem,</span> <span class='ocrx_word' id='word_1_199' title='bbox 1337 2533 1396 2576; x_wconf 93' lang='lat' dir='ltr'>non</span> 
     </span>
     <span class='ocr_line' id='line_1_23' title="bbox 293 2613 1396 2698; baseline 0 -20"><span class='ocrx_word' id='word_1_200' title='bbox 293 2636 346 2698; x_wconf 92' lang='lat' dir='ltr'>pro</span> <span class='ocrx_word' id='word_1_201' title='bbox 368 2617 415 2678; x_wconf 91' lang='lat' dir='ltr'>illo</span> <span class='ocrx_word' id='word_1_202' title='bbox 434 2617 498 2677; x_wconf 87' lang='lat' dir='ltr'>dico</span> <span class='ocrx_word' id='word_1_203' title='bbox 520 2619 554 2676; x_wconf 95' lang='lat' dir='ltr'>ut</span> <span class='ocrx_word' id='word_1_204' title='bbox 572 2616 638 2694; x_wconf 91' lang='lat' dir='ltr'>quis</span> <span class='ocrx_word' id='word_1_205' title='bbox 659 2618 778 2691; x_wconf 82' lang='lat' dir='ltr'>roget».</span> <span class='ocrx_word' id='word_1_206' title='bbox 822 2615 860 2684; x_wconf 87' lang='lat' dir='ltr'>Et</span> <span class='ocrx_word' id='word_1_207' title='bbox 881 2613 936 2675; x_wconf 91' lang='lat' dir='ltr'>hoc</span> <span class='ocrx_word' id='word_1_208' title='bbox 951 2615 1110 2693; x_wconf 90' lang='lat' dir='ltr'>capitulum</span> <span class='ocrx_word' id='word_1_209' title='bbox 1126 2617 1203 2677; x_wconf 91' lang='lat' dir='ltr'>idem</span> <span class='ocrx_word' id='word_1_210' title='bbox 1219 2615 1396 2678; x_wconf 84' lang='lat' dir='ltr'>venerabilis</span> 
     </span>
     <span class='ocr_line' id='line_1_24' title="bbox 292 2714 1396 2798; baseline 0.002 -21"><span class='ocrx_word' id='word_1_211' title='bbox 292 2722 376 2798; x_wconf 90' lang='lat' dir='ltr'>pater</span> <span class='ocrx_word' id='word_1_212' title='bbox 399 2719 438 2776; x_wconf 90' lang='lat' dir='ltr'>ita</span> <span class='ocrx_word' id='word_1_213' title='bbox 464 2717 597 2792; x_wconf 83' lang='lat' dir='ltr'>exponit:</span> <span class='ocrx_word' id='word_1_214' title='bbox 634 2714 692 2775; x_wconf 91' lang='lat' dir='ltr'>«ln</span> <span class='ocrx_word' id='word_1_215' title='bbox 715 2733 750 2776; x_wconf 86' lang='lat' dir='ltr'>eo</span> <span class='ocrx_word' id='word_1_216' title='bbox 777 2715 854 2792; x_wconf 87' lang='lat' dir='ltr'>quod</span> <span class='ocrx_word' id='word_1_217' title='bbox 877 2715 965 2787; x_wconf 89' lang='lat' dir='ltr'>dicit,</span> <span class='ocrx_word' id='word_1_218' title='bbox 994 2717 1039 2776; x_wconf 90' lang='lat' dir='ltr'>est</span> <span class='ocrx_word' id='word_1_219' title='bbox 1064 2719 1214 2793; x_wconf 88' lang='lat' dir='ltr'>peccatum</span> <span class='ocrx_word' id='word_1_220' title='bbox 1237 2733 1332 2794; x_wconf 90' lang='lat' dir='ltr'>usque</span> <span class='ocrx_word' id='word_1_221' title='bbox 1358 2715 1396 2788; x_wconf 85' lang='lat' dir='ltr'>ad</span> 
     </span>
     <span class='ocr_line' id='line_1_25' title="bbox 292 2815 1397 2896; baseline -0.002 -18"><span class='ocrx_word' id='word_1_222' title='bbox 292 2821 437 2889; x_wconf 89' lang='lat' dir='ltr'>mortem,</span> <span class='ocrx_word' id='word_1_223' title='bbox 464 2835 520 2876; x_wconf 92' lang='lat' dir='ltr'>non</span> <span class='ocrx_word' id='word_1_224' title='bbox 546 2833 598 2894; x_wconf 94' lang='lat' dir='ltr'>pro</span> <span class='ocrx_word' id='word_1_225' title='bbox 622 2815 670 2875; x_wconf 93' lang='lat' dir='ltr'>illo</span> <span class='ocrx_word' id='word_1_226' title='bbox 694 2817 759 2876; x_wconf 92' lang='lat' dir='ltr'>dico</span> <span class='ocrx_word' id='word_1_227' title='bbox 780 2821 813 2876; x_wconf 93' lang='lat' dir='ltr'>ut</span> <span class='ocrx_word' id='word_1_228' title='bbox 838 2817 903 2892; x_wconf 89' lang='lat' dir='ltr'>quis</span> <span class='ocrx_word' id='word_1_229' title='bbox 928 2820 1027 2891; x_wconf 85' lang='lat' dir='ltr'>roget,</span> <span class='ocrx_word' id='word_1_230' title='bbox 1054 2821 1155 2896; x_wconf 90' lang='lat' dir='ltr'>aperte</span> <span class='ocrx_word' id='word_1_231' title='bbox 1178 2816 1305 2878; x_wconf 87' lang='lat' dir='ltr'>ostendit</span> <span class='ocrx_word' id='word_1_232' title='bbox 1328 2834 1397 2878; x_wconf 88' lang='lat' dir='ltr'>esse</span> 
     </span>
     <span class='ocr_line' id='line_1_26' title="bbox 293 2915 1397 2996; baseline 0 -18"><span class='ocrx_word' id='word_1_233' title='bbox 293 2917 434 2995; x_wconf 89' lang='lat' dir='ltr'>quosdam</span> <span class='ocrx_word' id='word_1_234' title='bbox 456 2915 578 2987; x_wconf 87' lang='lat' dir='ltr'>iratres,</span> <span class='ocrx_word' id='word_1_235' title='bbox 606 2934 658 2994; x_wconf 93' lang='lat' dir='ltr'>pro</span> <span class='ocrx_word' id='word_1_236' title='bbox 681 2915 787 2994; x_wconf 88' lang='lat' dir='ltr'>quibus</span> <span class='ocrx_word' id='word_1_237' title='bbox 810 2934 895 2978; x_wconf 89' lang='lat' dir='ltr'>orare</span> <span class='ocrx_word' id='word_1_238' title='bbox 917 2915 1000 2976; x_wconf 93' lang='lat' dir='ltr'>nobis</span> <span class='ocrx_word' id='word_1_239' title='bbox 1025 2935 1080 2976; x_wconf 90' lang='lat' dir='ltr'>non</span> <span class='ocrx_word' id='word_1_240' title='bbox 1102 2919 1296 2996; x_wconf 87' lang='lat' dir='ltr'>praecipitur,</span> <span class='ocrx_word' id='word_1_241' title='bbox 1326 2935 1397 2978; x_wconf 91' lang='lat' dir='ltr'>cum</span> 
     </span>
     <span class='ocr_line' id='line_1_27' title="bbox 293 3000 1397 3098; baseline 0 -18"><span class='ocrx_word' id='word_1_242' title='bbox 293 3021 374 3081; x_wconf 87' lang='lat' dir='ltr'>Deus</span> <span class='ocrx_word' id='word_1_243' title='bbox 396 3017 485 3077; x_wconf 89' lang='lat' dir='ltr'>etiarn</span> <span class='ocrx_word' id='word_1_244' title='bbox 505 3033 557 3094; x_wconf 94' lang='lat' dir='ltr'>pro</span> <span class='ocrx_word' id='word_1_245' title='bbox 574 3017 809 3095; x_wconf 86' lang='lat' dir='ltr'>persecutoribus</span> <span class='ocrx_word' id='word_1_246' title='bbox 825 3018 931 3078; x_wconf 88' lang='lat' dir='ltr'>nostris</span> <span class='ocrx_word' id='word_1_247' title='bbox 946 3035 1029 3077; x_wconf 90' lang='lat' dir='ltr'>orare</span> <span class='ocrx_word' id='word_1_248' title='bbox 1043 3034 1096 3078; x_wconf 91' lang='lat' dir='ltr'>nos</span> <span class='ocrx_word' id='word_1_249' title='bbox 1110 3016 1219 3098; x_wconf 76' lang='lat' dir='ltr'>jubeat.</span> <span class='ocrx_word' id='word_1_250' title='bbox 1238 3000 1326 3077; x_wconf 72' lang='lat' dir='ltr'>&#39;Nec</span> <span class='ocrx_word' id='word_1_251' title='bbox 1340 3018 1397 3080; x_wconf 88' lang='lat' dir='ltr'>isia</span> 
     </span>
     <span class='ocr_line' id='line_1_28' title="bbox 293 3112 1397 3198; baseline -0.001 -19"><span class='ocrx_word' id='word_1_252' title='bbox 293 3118 407 3198; x_wconf 89' lang='lat' dir='ltr'>questio</span> <span class='ocrx_word' id='word_1_253' title='bbox 421 3112 495 3177; x_wconf 84' lang='lat' dir='ltr'>solui</span> <span class='ocrx_word' id='word_1_254' title='bbox 510 3119 622 3194; x_wconf 90' lang='lat' dir='ltr'>potest,</span> <span class='ocrx_word' id='word_1_255' title='bbox 645 3119 700 3176; x_wconf 88' lang='lat' dir='ltr'>uisi</span> <span class='ocrx_word' id='word_1_256' title='bbox 714 3116 858 3179; x_wconf 81' lang='lat' dir='ltr'>fateamur</span> <span class='ocrx_word' id='word_1_257' title='bbox 873 3135 938 3176; x_wconf 88' lang='lat' dir='ltr'>esse</span> <span class='ocrx_word' id='word_1_258' title='bbox 953 3117 1050 3194; x_wconf 86' lang='lat' dir='ltr'>aliqua</span> <span class='ocrx_word' id='word_1_259' title='bbox 1064 3121 1183 3196; x_wconf 91' lang='lat' dir='ltr'>peccata</span> <span class='ocrx_word' id='word_1_260' title='bbox 1199 3119 1228 3178; x_wconf 95' lang='lat' dir='ltr'>in</span> <span class='ocrx_word' id='word_1_261' title='bbox 1246 3117 1397 3190; x_wconf 86' lang='lat' dir='ltr'>iratribus,</span> 
     </span>
     <span class='ocr_line' id='line_1_29' title="bbox 294 3215 1398 3295; baseline 0.001 -18"><span class='ocrx_word' id='word_1_262' title='bbox 294 3235 371 3295; x_wconf 86' lang='lat' dir='ltr'>quae</span> <span class='ocrx_word' id='word_1_263' title='bbox 385 3217 566 3276; x_wconf 89' lang='lat' dir='ltr'>inimicorum</span> <span class='ocrx_word' id='word_1_264' title='bbox 583 3218 783 3294; x_wconf 88' lang='lat' dir='ltr'>persecutione</span> <span class='ocrx_word' id='word_1_265' title='bbox 797 3219 931 3293; x_wconf 83' lang='lat' dir='ltr'>graviora</span> <span class='ocrx_word' id='word_1_266' title='bbox 944 3221 1010 3278; x_wconf 90' lang='lat' dir='ltr'>sint.</span> <span class='ocrx_word' id='word_1_267' title='bbox 1054 3219 1173 3279; x_wconf 83' lang='lat' dir='ltr'>Fratres</span> <span class='ocrx_word' id='word_1_268' title='bbox 1194 3222 1293 3280; x_wconf 90' lang='lat' dir='ltr'>autern</span> <span class='ocrx_word' id='word_1_269' title='bbox 1309 3215 1398 3278; x_wconf 87' lang='lat' dir='ltr'>Chri-</span> 
     </span>
     <span class='ocr_line' id='line_1_30' title="bbox 293 3315 1398 3397; baseline 0.001 -19"><span class='ocrx_word' id='word_1_270' title='bbox 293 3317 402 3380; x_wconf 88' lang='lat' dir='ltr'>stianos</span> <span class='ocrx_word' id='word_1_271' title='bbox 430 3315 613 3392; x_wconf 81' lang='lat' dir='ltr'>significare,</span> <span class='ocrx_word' id='word_1_272' title='bbox 645 3316 746 3378; x_wconf 86' lang='lat' dir='ltr'>multis</span> <span class='ocrx_word' id='word_1_273' title='bbox 774 3317 937 3380; x_wconf 89' lang='lat' dir='ltr'>divinarum</span> <span class='ocrx_word' id='word_1_274' title='bbox 968 3317 1185 3397; x_wconf 82' lang='lat' dir='ltr'>scripturarum</span> <span class='ocrx_word' id='word_1_275' title='bbox 1214 3318 1398 3380; x_wconf 79' lang='lat' dir='ltr'>documentis</span> 
     </span>
     <span class='ocr_line' id='line_1_31' title="bbox 293 3415 1398 3498; baseline 0.003 -21"><span class='ocrx_word' id='word_1_276' title='bbox 293 3416 409 3498; x_wconf 87' lang='lat' dir='ltr'>probari</span> <span class='ocrx_word' id='word_1_277' title='bbox 430 3418 542 3494; x_wconf 82' lang='lat' dir='ltr'>potest3</span> <span class='ocrx_word' id='word_1_278' title='bbox 564 3415 835 3478; x_wconf 82' lang='lat' dir='ltr'>manifestissimum</span> <span class='ocrx_word' id='word_1_279' title='bbox 857 3420 956 3478; x_wconf 87' lang='lat' dir='ltr'>tamen</span> <span class='ocrx_word' id='word_1_280' title='bbox 981 3417 1050 3478; x_wconf 92' lang='lat' dir='ltr'>illud</span> <span class='ocrx_word' id='word_1_281' title='bbox 1073 3421 1118 3478; x_wconf 85' lang='lat' dir='ltr'>eat</span> <span class='ocrx_word' id='word_1_282' title='bbox 1141 3418 1218 3494; x_wconf 89' lang='lat' dir='ltr'>quod</span> <span class='ocrx_word' id='word_1_283' title='bbox 1236 3418 1398 3496; x_wconf 85' lang='lat' dir='ltr'>Apostolus</span> 
     </span>
     <span class='ocr_line' id='line_1_32' title="bbox 292 3515 1399 3599; baseline 0.001 -21"><span class='ocrx_word' id='word_1_284' title='bbox 292 3522 391 3599; x_wconf 83' lang='lat' dir='ltr'>ponit:</span> <span class='ocrx_word' id='word_1_285' title='bbox 413 3516 618 3578; x_wconf 86' lang='lat' dir='ltr'>Sanctificatus</span> <span class='ocrx_word' id='word_1_286' title='bbox 639 3520 684 3578; x_wconf 90' lang='lat' dir='ltr'>est</span> <span class='ocrx_word' id='word_1_287' title='bbox 705 3518 783 3587; x_wconf 85' lang='lat' dir='ltr'>enim</span> <span class='ocrx_word' id='word_1_288' title='bbox 798 3518 843 3577; x_wconf 90' lang='lat' dir='ltr'>vir</span> <span class='ocrx_word' id='word_1_289' title='bbox 862 3517 985 3578; x_wconf 86' lang='lat' dir='ltr'>infidelis</span> <span class='ocrx_word' id='word_1_290' title='bbox 1000 3519 1150 3590; x_wconf 81' lang='lat' dir='ltr'>inurere,</span> <span class='ocrx_word' id='word_1_291' title='bbox 1173 3521 1203 3580; x_wconf 91' lang='lat' dir='ltr'>et</span> <span class='ocrx_word' id='word_1_292' title='bbox 1217 3515 1399 3579; x_wconf 85' lang='lat' dir='ltr'>sanctificata</span> 
     </span>
     <span class='ocr_line' id='line_1_33' title="bbox 293 3615 1400 3692; baseline -0.001 -13"><span class='ocrx_word' id='word_1_293' title='bbox 293 3622 339 3679; x_wconf 89' lang='lat' dir='ltr'>est</span> <span class='ocrx_word' id='word_1_294' title='bbox 360 3617 465 3677; x_wconf 88' lang='lat' dir='ltr'>mulier</span> <span class='ocrx_word' id='word_1_295' title='bbox 487 3615 613 3675; x_wconf 87' lang='lat' dir='ltr'>infidelis</span> <span class='ocrx_word' id='word_1_296' title='bbox 635 3617 662 3674; x_wconf 89' lang='lat' dir='ltr'>ln</span> <span class='ocrx_word' id='word_1_297' title='bbox 685 3615 792 3676; x_wconf 85' lang='lat' dir='ltr'>tratre:</span> <span class='ocrx_word' id='word_1_298' title='bbox 814 3635 869 3677; x_wconf 88' lang='lat' dir='ltr'>non</span> <span class='ocrx_word' id='word_1_299' title='bbox 892 3619 970 3676; x_wconf 91' lang='lat' dir='ltr'>enim</span> <span class='ocrx_word' id='word_1_300' title='bbox 991 3617 1099 3678; x_wconf 85' lang='lat' dir='ltr'>addidit</span> <span class='ocrx_word' id='word_1_301' title='bbox 1121 3620 1237 3692; x_wconf 85' lang='lat' dir='ltr'>nostro,</span> <span class='ocrx_word' id='word_1_302' title='bbox 1259 3617 1311 3678; x_wconf 86' lang='lat' dir='ltr'>sed</span> <span class='ocrx_word' id='word_1_303' title='bbox 1334 3636 1400 3678; x_wconf 93' lang='lat' dir='ltr'>ma·</span> 
     </span>
    </p>
   </div>
   <div class='ocr_carea' id='block_1_3' title="bbox 293 3701 1400 4098">
    <p class='ocr_par' dir='ltr' id='par_1_3' title="bbox 293 3701 1400 4098">
     <span class='ocr_line' id='line_1_34' title="bbox 293 3701 1399 3794; baseline -0.002 -16"><span class='ocrx_word' id='word_1_304' title='bbox 293 3717 432 3778; x_wconf 84' lang='lat' dir='ltr'>nitestum</span> <span class='ocrx_word' id='word_1_305' title='bbox 460 3716 638 3776; x_wconf 84' lang='lat' dir='ltr'>existimavit</span> <span class='ocrx_word' id='word_1_306' title='bbox 666 3733 733 3776; x_wconf 92' lang='lat' dir='ltr'>eum</span> <span class='ocrx_word' id='word_1_307' title='bbox 763 3714 861 3776; x_wconf 83' lang='lat' dir='ltr'>fratris</span> <span class='ocrx_word' id='word_1_308' title='bbox 891 3717 1005 3777; x_wconf 88' lang='lat' dir='ltr'>nornine</span> <span class='ocrx_word' id='word_1_309' title='bbox 1035 3716 1230 3778; x_wconf 83' lang='lat' dir='ltr'>Christianum</span> <span class='ocrx_word' id='word_1_310' title='bbox 1258 3701 1399 3794; x_wconf 83' lang='lat' dir='ltr'>intelligi,</span> 
     </span>
     <span class='ocr_line' id='line_1_35' title="bbox 293 3814 1400 3896; baseline 0 -18"><span class='ocrx_word' id='word_1_311' title='bbox 293 3817 343 3896; x_wconf 87' lang='lat' dir='ltr'>qui</span> <span class='ocrx_word' id='word_1_312' title='bbox 365 3814 511 3876; x_wconf 86' lang='lat' dir='ltr'>infidelem</span> <span class='ocrx_word' id='word_1_313' title='bbox 532 3815 654 3875; x_wconf 88' lang='lat' dir='ltr'>haberet</span> <span class='ocrx_word' id='word_1_314' title='bbox 675 3833 805 3877; x_wconf 81' lang='lat' dir='ltr'>uxorem.</span> <span class='ocrx_word' id='word_1_315' title='bbox 831 3815 987 3882; x_wconf 79' lang='lat' dir='ltr'>Peccatum</span> <span class='ocrx_word' id='word_1_316' title='bbox 1009 3835 1079 3893; x_wconf 80' lang='lat' dir='ltr'>ergo</span> <span class='ocrx_word' id='word_1_317' title='bbox 1100 3818 1198 3879; x_wconf 80' lang='lat' dir='ltr'>[ratris</span> <span class='ocrx_word' id='word_1_318' title='bbox 1220 3818 1256 3880; x_wconf 92' lang='lat' dir='ltr'>ad</span> <span class='ocrx_word' id='word_1_319' title='bbox 1270 3822 1400 3888; x_wconf 90' lang='lat' dir='ltr'>mortem</span> 
     </span>
     <span class='ocr_line' id='line_1_36' title="bbox 293 3914 1400 3996; baseline 0 -20"><span class='ocrx_word' id='word_1_320' title='bbox 293 3934 358 3978; x_wconf 90' lang='lat' dir='ltr'>esse</span> <span class='ocrx_word' id='word_1_321' title='bbox 379 3918 459 3993; x_wconf 94' lang='lat' dir='ltr'>puto,</span> <span class='ocrx_word' id='word_1_322' title='bbox 482 3914 559 3993; x_wconf 91' lang='lat' dir='ltr'>quod</span> <span class='ocrx_word' id='word_1_323' title='bbox 581 3918 646 3994; x_wconf 88' lang='lat' dir='ltr'>post</span> <span class='ocrx_word' id='word_1_324' title='bbox 667 3917 843 3992; x_wconf 84' lang='lat' dir='ltr'>agnitionem</span> <span class='ocrx_word' id='word_1_325' title='bbox 865 3917 931 3986; x_wconf 85' lang='lat' dir='ltr'>Ilei,</span> <span class='ocrx_word' id='word_1_326' title='bbox 952 3935 1004 3996; x_wconf 86' lang='lat' dir='ltr'>per</span> <span class='ocrx_word' id='word_1_327' title='bbox 1025 3917 1148 3992; x_wconf 85' lang='lat' dir='ltr'>gratiam</span> <span class='ocrx_word' id='word_1_328' title='bbox 1168 3917 1283 3977; x_wconf 88' lang='lat' dir='ltr'>Domini</span> <span class='ocrx_word' id='word_1_329' title='bbox 1305 3917 1400 3978; x_wconf 89' lang='lat' dir='ltr'>nostri</span> 
     </span>
     <span class='ocr_line' id='line_1_37' title="bbox 293 4015 1400 4098; baseline 0.002 -20"><span class='ocrx_word' id='word_1_330' title='bbox 293 4018 364 4078; x_wconf 89' lang='lat' dir='ltr'>Jesu</span> <span class='ocrx_word' id='word_1_331' title='bbox 386 4015 503 4088; x_wconf 85' lang='lat' dir='ltr'>Christi,</span> <span class='ocrx_word' id='word_1_332' title='bbox 525 4018 651 4094; x_wconf 87' lang='lat' dir='ltr'>quisque</span> <span class='ocrx_word' id='word_1_333' title='bbox 673 4016 821 4094; x_wconf 84' lang='lat' dir='ltr'>obpugnat</span> <span class='ocrx_word' id='word_1_334' title='bbox 842 4016 1067 4090; x_wconf 83' lang='lat' dir='ltr'>fraternitatem,</span> <span class='ocrx_word' id='word_1_335' title='bbox 1089 4019 1120 4077; x_wconf 87' lang='lat' dir='ltr'>et</span> <span class='ocrx_word' id='word_1_336' title='bbox 1140 4017 1281 4080; x_wconf 85' lang='lat' dir='ltr'>adversus</span> <span class='ocrx_word' id='word_1_337' title='bbox 1302 4018 1400 4098; x_wconf 85' lang='lat' dir='ltr'>ipsam</span> 
     </span>
    </p>
   </div>
   <div class='ocr_carea' id='block_1_4' title="bbox 294 4243 1398 4567">
    <p class='ocr_par' dir='ltr' id='par_1_4' title="bbox 294 4243 1398 4567">
     <span class='ocr_line' id='line_1_38' title="bbox 434 4255 581 4292; baseline 0 0"><span class='ocrx_word' id='word_1_338' title='bbox 434 4255 450 4292; x_wconf 92' lang='lat' dir='ltr'>o</span> <span class='ocrx_word' id='word_1_339' title='bbox 524 4278 530 4292; x_wconf 91' lang='lat'><em>.</em></span> <span class='ocrx_word' id='word_1_340' title='bbox 574 4277 581 4292; x_wconf 90' lang='lat'><strong>.</strong></span> 
     </span>
     <span class='ocr_line' id='line_1_39' title="bbox 364 4243 1398 4394; baseline -0.002 -12"><span class='ocrx_word' id='word_1_341' title='bbox 364 4246 390 4394; x_wconf 52' lang='grc'><strong>3</strong></span> <span class='ocrx_word' id='word_1_342' title='bbox 410 4244 484 4392; x_wconf 54' lang='grc' dir='ltr'>ἔαξε.</span> <span class='ocrx_word' id='word_1_343' title='bbox 501 4243 611 4380; x_wconf 44' lang='lat' dir='ltr'>argio</span> <span class='ocrx_word' id='word_1_344' title='bbox 629 4329 757 4380; x_wconf 79' lang='lat' dir='ltr'>Dominus</span> <span class='ocrx_word' id='word_1_345' title='bbox 779 4329 850 4380; x_wconf 81' lang='lat' dir='ltr'>tertia</span> <span class='ocrx_word' id='word_1_346' title='bbox 869 4328 925 4384; x_wconf 86' lang='lat' dir='ltr'>die,</span> <span class='ocrx_word' id='word_1_347' title='bbox 951 4334 976 4379; x_wconf 85' lang='lat' dir='ltr'>ct</span> <span class='ocrx_word' id='word_1_348' title='bbox 993 4341 1062 4380; x_wconf 81' lang='lat' dir='ltr'>nona</span> <span class='ocrx_word' id='word_1_349' title='bbox 1079 4328 1141 4380; x_wconf 82' lang='lat' dir='ltr'>liora</span> <span class='ocrx_word' id='word_1_350' title='bbox 1159 4329 1277 4392; x_wconf 82' lang='lat' dir='ltr'>spiritum</span> <span class='ocrx_word' id='word_1_351' title='bbox 1296 4329 1398 4387; x_wconf 81' lang='lat' dir='ltr'>emisit,</span> 
     </span>
     <span class='ocr_line' id='line_1_40' title="bbox 294 4414 1113 4480; baseline -0.005 -12"><span class='ocrx_word' id='word_1_352' title='bbox 294 4425 317 4468; x_wconf 78' lang='lat' dir='ltr'>ct</span> <span class='ocrx_word' id='word_1_353' title='bbox 336 4417 438 4479; x_wconf 76' lang='lat' dir='ltr'>triginta</span> <span class='ocrx_word' id='word_1_354' title='bbox 457 4414 549 4464; x_wconf 82' lang='lat' dir='ltr'>dicbus</span> <span class='ocrx_word' id='word_1_355' title='bbox 568 4416 674 4474; x_wconf 74' lang='lat' dir='ltr'>Moysen</span> <span class='ocrx_word' id='word_1_356' title='bbox 693 4416 846 4480; x_wconf 78' lang='lat' dir='ltr'>planxerunt</span> <span class='ocrx_word' id='word_1_357' title='bbox 863 4415 910 4468; x_wconf 81' lang='lat' dir='ltr'>oui</span> <span class='ocrx_word' id='word_1_358' title='bbox 927 4414 1015 4468; x_wconf 84' lang='lat' dir='ltr'>lsrael.</span> <span class='ocrx_word' id='word_1_359' title='bbox 1034 4417 1063 4468; x_wconf 88' lang='lat' dir='ltr'>P.</span> <span class='ocrx_word' id='word_1_360' title='bbox 1082 4416 1113 4480; x_wconf 82' lang='lat' dir='ltr'>Q.</span> 
     </span>
     <span class='ocr_line' id='line_1_41' title="bbox 365 4501 562 4567; baseline -0.03 -7"><span class='ocrx_word' id='word_1_361' title='bbox 365 4505 390 4567; x_wconf 78' lang='lat'>³)</span> <span class='ocrx_word' id='word_1_362' title='bbox 409 4502 494 4558; x_wconf 71' lang='lat' dir='ltr'>seror</span> <span class='ocrx_word' id='word_1_363' title='bbox 512 4501 562 4554; x_wconf 82' lang='lat' dir='ltr'>dle.</span> 
     </span>
    </p>
   </div>
   <div class='ocr_carea' id='block_1_5' title="bbox 0 0 1554 5100">
    <p class='ocr_par' dir='ltr' id='par_1_5' title="bbox 0 0 1554 5100">
     <span class='ocr_line' id='line_1_42' title="bbox 0 0 1554 5100; baseline 0 0"><span class='ocrx_word' id='word_1_364' title='bbox 0 0 1554 5100; x_wconf 95' lang='lat' dir='ltr'> </span> 
     </span>
    </p>
   </div>
  </div>
 </body>
</html>
