3094 5100
685 321 756 396 105

665 517 770 587 XXll.

498 663 537 714 be
555 675 630 714 earne
648 664 783 716 immunda
802 671 827 716 et
844 664 942 716 fraude.

233 804 291 879 Qui
315 805 470 868 manducat
492 823 612 867 earnem
637 808 816 870 immundam
843 812 894 872 aut
915 810 1095 871 morticinam
1116 812 1168 870 aut
1189 807 1270 871 dela·

170 909 297 966 oerahm
324 926 341 968 a
366 905 484 978 bestiis,
511 904 567 967 XL
588 907 650 966 dies
671 910 815 986 peniteat,
844 909 868 968 ei
891 925 944 986 per
966 910 1170 970 necessitatem
1193 907 1270 972 bme

170 1008 307 1080 cogente,
336 1004 429 1065 multo
455 1004 548 1065 levius
574 1008 619 1065 eat
643 1007 811 1084 penitentia.
856 1003 915 1080 Qui
940 1007 1064 1067 eomedit
1088 1010 1269 1072 morticinam

169 1123 287 1164 eumont
302 1099 339 1186 ⁰¹)
368 1103 492 1174 inscius,
524 1104 580 1165 XL
609 1104 671 1164 dies
699 1107 845 1184 peniteat,
878 1107 929 1183 qui
956 1107 1027 1176 soit,
1060 1105 1082 1169 C
1111 1107 1189 1177 dies,
1219 1109 1269 1185 qui

168 1201 299 1266 iraudem
323 1205 447 1263 eomedit
470 1207 499 1263 et
521 1206 613 1264 nescit
633 1209 664 1264 et
687 1208 733 1264 est
759 1205 841 1283 inops
864 1205 910 1266 rel
934 1203 1023 1276 bibit,
1052 1206 1109 1266 Vll
1133 1207 1214 1280 dies,
1244 1208 1270 1266 si

168 1307 266 1364 autem
289 1304 359 1372 soit,
383 1302 438 1362 XL
459 1303 530 1366 dies.
566 1303 676 1364 lutirmi
699 1322 784 1373 vero,
807 1304 832 1364 si
853 1305 964 1375 solunt,
986 1303 1044 1364 XV
1066 1307 1137 1366 dies.

232 1403 289 1476 Oui
306 1403 439 1478 trondem
453 1399 615 1484 fuciunt⁹²)
632 1422 718 1482 sepe,
738 1403 752 1463 l
770 1423 877 1464 annum
895 1403 940 1464 vel
963 1403 1004 1463 lll
1023 1406 1269 1482 quadragesimas,

168 1503 219 1579 qui
236 1501 361 1561 eomedit
378 1502 425 1564 rel
445 1500 518 1561 bibit
539 1504 691 1564 intinctum
713 1523 729 1564 a
753 1503 887 1564 familiari
909 1501 1019 1576 bestia,
1042 1505 1070 1564 id
1092 1508 1136 1565 est
1157 1525 1174 1568 a
1196 1524 1269 1567 eane

167 1599 214 1660 vel
240 1604 315 1662 catto
339 1604 370 1660 et
394 1603 465 1668 seit,
496 1599 518 1662 C
543 1602 670 1678 psalmos
696 1605 793 1662 cantet
815 1621 868 1679 pro
888 1619 920 1663 ee
940 1602 987 1661 vel
1011 1603 1038 1664 ll
1060 1604 1123 1664 dies
1139 1602 1269 1682 jejunet,

168 1699 192 1758 ai
214 1701 320 1772 nescit,
350 1699 374 1761 L
398 1701 525 1780 psalmos
550 1704 647 1760 cantet
671 1703 837 1763 autunum
862 1703 939 1762 diem
964 1703 1099 1779 peniteat.
1144 1699 1176 1760 Si
1203 1703 1269 1779 quis

165 1798 306 1859 dediderit
327 1800 413 1861 alicui
436 1799 578 1879 liquorem
598 1799 741 1876 aliquem,
764 1800 792 1858 in
815 1817 873 1876 quo
894 1817 961 1860 mus
979 1799 1025 1862 vel
1045 1799 1171 1860 mustela
1191 1818 1270 1860 mor-

166 1901 214 1958 tua
243 1901 305 1970 est,
334 1900 358 1958 si
388 1899 553 1960 saeculares
582 1901 665 1968 sunt,
697 1898 749 1957 Vll
781 1898 843 1958 dies
871 1900 1035 1976 peniteant,
1064 1900 1090 1959 si
1114 1903 1213 1960 autem
1239 1901 1268 1958 in

167 1997 303 2057 coenobio
324 2001 410 2068 sunt,
440 1996 486 2058 CC
511 1997 638 2077 psalmos
660 1999 785 2056 cantent.
827 1994 886 2069 Qui
910 2001 1009 2073 postea
1033 2000 1162 2068 noverit,
1191 1996 1268 2075 quod

165 2093 223 2155 tale
250 2097 350 2174 potum
375 2094 498 2169 biberit,
528 2095 698 2175 psalterium
728 2097 841 2166 cantet,
877 2099 968 2157 retem
995 2107 1089 2157 eutem
1125 2095 1184 2158 l'll
1209 2097 1269 2158 diet

159 2195 287 2271 peniteat
302 2191 358 2274 ⁹³);
384 2196 409 2254 si
432 2197 497 2273 quis
519 2195 709 2256 semicoctum
732 2192 892 2255 comederit
913 2196 1040 2268 inscius,
1064 2196 1105 2257 lll
1131 2195 1193 2257 dies
1217 2213 1269 2273 pe-

166 2292 272 2365 niteat,
293 2294 340 2355 vel
361 2294 530 2372 psalterium
553 2297 667 2365 cantet,
690 2294 785 2354 solens
806 2301 903 2357 autem
926 2293 982 2355 Vll
1004 2295 1066 2354 dies
1088 2297 1223 2374 peniteat.

650 2501 772 2572 XXlll.

228 2670 285 2744 Qui
307 2675 444 2752 operatur
465 2672 494 2731 in
515 2672 561 2731 die
583 2670 742 2744 dominica,
771 2670 829 2732 Vll
854 2671 916 2733 dies
940 2674 1071 2752 peniteat
1085 2671 1142 2752 ⁸⁴),
1169 2676 1194 2736 ai
1219 2693 1266 2736 se·

164 2770 257 2831 cundo
284 2772 331 2831 die
355 2773 509 2850 operetur,
540 2769 631 2830 XXX
660 2769 721 2830 dies
748 2772 894 2849 peniteat,
923 2773 947 2832 si
975 2775 1079 2845 tertio,
1112 2771 1168 2833 XL
1194 2776 1265 2836 dies.

164 2865 223 2942 Qui
241 2868 351 2948 jejunat
372 2873 400 2930 in
422 2871 468 2930 die
489 2870 633 2930 dominico
652 2887 707 2948 per
725 2869 947 2948 negligentiam,
973 2875 1064 2934 totam
1081 2871 1194 2950 jejunet
1215 2873 1266 2933 eb·

165 2967 312 3031 domatum
333 2973 516 3048 sequentem.

653 3177 772 3248 XXIV.

466 3327 505 3377 lte
523 3326 659 3376 chrismate
678 3325 705 3378 in
723 3326 830 3379 ecelesia
848 3327 955 3391 perdito.

227 3467 286 3542 Qui
308 3472 407 3531 autem
428 3469 457 3528 in
478 3467 564 3548 plebe
585 3486 669 3528 mum
683 3464 721 3548 ⁸⁵)
748 3467 876 3530 chrisma
901 3467 1060 3547 perdiderit
1083 3473 1113 3531 et
1134 3489 1200 3534 eam
1221 3475 1265 3533 in-

164 3571 295 3644 venerit,
320 3567 377 3630 XL
401 3569 463 3635 dies
483 3567 532 3629 vel
554 3568 595 3629 lll
617 3567 854 3644 quadragesimae
875 3568 1013 3646 peniteat.

216 3865 261 3926 til
279 3863 343 3915 cod.
363 3863 414 3914 1t1
435 3874 517 3912 eausa

215 3949 261 4012 ot)
281 3947 343 4000 (ἔοι).
364 3948 414 3999 181
434 3959 538 4000 oausam
556 3946 673 3998 neodem
692 3958 752 4009 sepe
770 3945 874 3998 laniunt.

216 4035 261 4096 93)
280 4035 344 4086 cod.
362 4035 413 4086 1t1
434 4035 610 4098 „seiens....
627 4033 761 4098 penitenti
782 4033 863 4084 deest.
911 4099 914 4108 Ι

217 4121 260 4184 ot)
280 4122 414 4175 coditi
433 4126 491 4185 post
509 4120 614 4173 verbum
636 4121 754 4183 peniteat
776 4119 863 4170 addit:
891 4119 942 4182 Qui
958 4119 1056 4180 jejunat
1074 4120 1100 4171 ln
1119 4120 1161 4172 dle
1180 4121 1264 4171 domi·

281 4209 339 4260 nico
358 4219 403 4270 per
420 4207 601 4269 negligentiam
616 4213 669 4257 tota
684 4205 782 4266 ieiunet
798 4205 941 4257 ebdomada
955 4213 1090 4269 sequente,
1109 4207 1131 4257 si
1150 4207 1263 4258 secundo

282 4295 324 4346 die
341 4301 474 4358 npmnuu,
493 4293 572 4346 XXX
590 4293 646 4346 dies
664 4290 789 4356 peniteat,
806 4291 830 4342 si
846 4291 936 4350 anio,
954 4292 1001 4344 Π
1017 4291 1084 4348 dies.

217 4380 261 4444 ot)
280 4380 343 4434 cod.
362 4380 413 4434 1t1
432 4393 488 4433 suo.
