3094 5100
680 311 752 388 las

165 528 272 583 annos,
294 511 412 588 quidam
431 528 540 573 anuum
560 508 781 594 judicaverunt,
802 515 836 573 ut
852 512 964 588 mollis,
981 511 1105 592 'quidam
1124 512 1147 575 G
1166 512 1269 575 diebus

165 614 199 671 ut
222 610 325 690 pueri,
353 611 425 672 item
450 610 611 686 sodomite,
638 627 730 678 annos
752 610 812 686 lV,
843 613 868 674 si
894 613 923 676 iu
946 612 1155 677 consuetudine
1179 631 1270 676 annos

164 701 238 783 vil,
269 709 316 772 vel
344 711 369 771 si
398 703 542 773 monachi
563 713 631 772 suut
660 709 717 771 Vll
746 709 866 772 anuos.¹
894 711 969 772 ilem
1001 716 1035 774 ut
1061 712 1211 796 sodomitis
1240 714 1269 774 iu

164 809 374 873 oonmetudiue
397 811 468 883 erit,
500 809 592 874 laicus
615 810 644 871 V
668 829 759 872 annos
783 812 939 890 peniteat,
953 812 1079 876 clerlcus
1101 811 1174 887 vti,
1195 811 1271 874 ‘sub-

164 904 301 974 diaconus
314 911 410 985 -vul,
431 911 569 974 diaconus
590 911 638 984 X,
659 910 816 992 presbyter
836 913 912 988 Xlt,
934 914 1087 996 episcopua
1108 913 1191 976 XIV.
1267 945 1270 954 ·

686 1097 745 1167 XI.

433 1247 472 1298 ne
487 1229 679 1314 porrarrom‘u)
699 1237 724 1298 a
742 1247 866 1298 arcione
884 1249 1001 1299 seminis.

228 1382 285 1460 Qui
305 1386 333 1446 iu
357 1383 479 1448 ecelesia
504 1402 557 1464 per
577 1385 724 1446 somnium
745 1383 900 1464 polluitur,
929 1383 989 1444 VII
1004 1387 1064 1448 dier
1085 1388 1143 1448 siue
1162 1384 1219 1450 111
1229 1384 1268 1468 Π)

163 1487 310 1565 peniteat,
332 1487 383 1563 qui
403 1503 456 1564 per
475 1484 686 1563 turpiloquium
708 1485 856 1568 negligens
875 1484 1029 1566 polluitur,
1052 1485 1106 1547 Vll
1125 1485 1187 1548 dies
1207 1488 1270 1550 aive

165 1586 207 1649 lil
237 1586 377 1666 peniteat,
417 1582 477 1660 Qui
507 1585 537 1646 in
565 1586 739 1665 pugnatione
768 1586 950 1662 cogitationis
978 1588 1009 1646 et
1035 1589 1140 1650 nature
1166 1587 1268 1650 rolens

165 1685 349 1762 inquinatur,
377 1683 433 1746 Vll
455 1684 518 1745 dies
539 1685 669 1764 peniteat
695 1688 747 1747 aut
773 1685 799 1747 L
826 1683 954 1764 psalmos
976 1689 1061 1748 canat
1082 1689 1112 1746 et
1134 1686 1176 1748 lV
1197 1687 1270 1749 teria

165 1790 195 1847 et
217 1785 259 1847 Vt
275 1784 388 1866 jejunet
408 1784 444 1848 ad
466 1802 570 1847 nonam
591 1786 639 1849 vei
661 1784 697 1848 ad
720 1801 876 1863 vesperam
902 1787 932 1844 et
956 1802 1109 1864 quousque
1135 1789 1269 1865 cogitatio

164 1887 303 1960 uincitur,
325 1887 461 1965 peniteat.
496 1883 555 1958 Qui
577 1887 606 1947 iu
627 1885 747 1948 somniis
768 1884 917 1947 voluntate
938 1883 1065 1963 pollutus
1087 1889 1147 1960 est,
1169 1893 1270 1966 surgat

165 1989 320 2064 cantetque
352 1985 405 2046 Vll
441 1985 568 2065 psalmos
605 1985 808 2065 penitentiales
839 2002 1078 2063 unumquemque
1109 1986 1271 2049 secundum

165 2105 250 2152 mam
270 2086 410 2156 virtutem
430 2088 463 2146 et
483 2086 512 2145 iu
533 2104 620 2149 mnne
639 2085 731 2154 XXX
750 2085 878 2166 psalmos
899 2087 1006 2150 cantet.
1043 2085 1150 2152 Veiens
1172 2091 1272 2151 autem

165 2187 193 2248 in
215 2187 335 2248 somniis
357 2185 480 2264 peccare
501 2187 565 2249 sive
584 2186 712 2266 pollutus
733 2187 773 2248 sit
793 2187 857 2250 sine
877 2186 1041 2258 voluntate,
1064 2187 1123 2250 XV
1143 2188 1271 2268 psalmos

165 2289 270 2350 cantet.
308 2285 367 2361 Qui
388 2303 511 2365 peccare
529 2287 654 2349 voluerit
677 2291 708 2347 et
724 2305 781 2358 non
799 2285 889 2348 tuerit
905 2286 1049 2366 pollutus,
1072 2285 1176 2350 XXtV
1194 2288 1272 2366 psal·

165 2401 228 2448 mos
249 2390 343 2450 canat.
380 2384 440 2461 Qui
462 2387 491 2448 in
512 2404 615 2448 somno
632 2387 797 2466 peccaverit
820 2388 884 2448 sine
902 2387 1092 2464 cogitatione,
1115 2385 1173 2448 XV
1193 2390 1272 2468 psal·

164 2504 229 2552 mos
250 2490 364 2560 cantet,
393 2489 418 2549 si
440 2489 593 2550 insomne
615 2489 681 2567 quis
702 2488 868 2568 peccaverit
892 2491 944 2551 aut
965 2505 1001 2550 ex
1023 2487 1195 2566 rogitatione
1217 2506 1271 2558 sua

166 2587 294 2669 pollutus
315 2586 420 2659 tuerit,
443 2587 534 2652 XXlt
555 2588 683 2667 psalmos
704 2591 799 2652 canat.

228 2687 358 2750 Clericus
382 2688 408 2750 si
433 2705 533 2749 semen
557 2688 664 2750 iuderit
687 2706 742 2750 nou
764 2687 923 2766 tangendo,
950 2687 1006 2750 Vll
1033 2687 1096 2750 dies
1122 2689 1268 2766 peniteat,

164 2789 303 2866 nitangit
323 2807 392 2851 aum
412 2805 519 2863 manu,
541 2788 635 2850 XXX
656 2789 720 2850 dies
739 2789 786 2856 vel
809 2787 871 2852 XX
892 2791 1030 2868 peniteat.

229 2886 347 2963 Quanto
367 2892 476 2966 magis,
504 2890 556 2968 qui
577 2889 606 2950 in
628 2889 685 2953 alie
704 2888 796 2967 pedu
817 2908 884 2952 esse
903 2890 1056 2964 ridentur,
1082 2888 1220 2952 dmmnus
1240 2887 1269 2952 li

165 2988 355 3064 ebdomadas,
377 2987 537 3052 monachus
559 2988 621 3050 XX
643 2988 714 3050 dies.

228 3088 385 3168 Presbyter
409 3091 434 3152 ai
455 3107 556 3151 semen
577 3088 685 3151 fuderit
706 3107 765 3171 per
780 3091 999 3168 cogitationem,
1028 3089 1082 3154 Vll
1104 3089 1166 3152 dies
1187 3091 1270 3169 peni·

165 3192 235 3254 teat
271 3189 303 3252 Si
324 3192 416 3268 tangit
437 3209 504 3254 num
525 3209 633 3264 manu,
660 3194 694 3254 ut
715 3175 817 3254 semen
838 3190 963 3256 tundens
984 3210 1021 3254 ex
1042 3210 1092 3266 eu,
1117 3192 1160 3254 lll
1181 3191 1270 3254 ebdo-

164 3289 264 3354 madas
291 3293 431 3371 peniteat.
481 3291 511 3354 Si
541 3289 702 3352 monachus
734 3289 789 3352 hoc
822 3290 908 3366 tacit,
944 3290 1001 3354 vu
1032 3291 1094 3353 dies
1122 3292 1267 3370 peniteat,

165 3389 317 3453 diaconus·
334 3389 375 3451 tV
402 3390 472 3452 dies.
518 3389 549 3454 Si
580 3393 674 3468 tangit
701 3408 770 3452 cum
800 3410 905 3464 manu,
938 3381 1012 3454 XIV
1038 3391 1101 3454 dies
1130 3393 1268 3471 peniteat.

164 3489 326 3553 Monachus
346 3491 452 3552 similia
472 3490 582 3552 iaciens
602 3496 636 3553 ut
656 3492 794 3552 diaconus
812 3490 854 3553 ur
875 3490 940 3552 ebd.
962 3495 1014 3554 aut
1036 3491 1063 3551 ll
1085 3493 1225 3570 peniteat.

227 3591 285 3667 Qui
314 3609 415 3654 semen
441 3590 515 3654 ludit
542 3593 571 3652 iu
600 3591 723 3656 ecclesia
751 3609 804 3672 per
832 3590 1034 3652 dormitionem
1063 3607 1120 3652 non
1148 3590 1268 3664 volens,

165 3694 261 3760 amtet
282 3691 452 3772 psalterium
473 3709 566 3754 unum
588 3694 640 3755 aut
662 3691 703 3754 lit
725 3691 788 3755 dies
808 3692 947 3773 peniteat.

225 3793 256 3854 Si
277 3793 440 3857 voluntarie
461 3810 561 3854 remen
578 3790 653 3854 indit
669 3792 699 3852 in
716 3792 839 3855 amiens
858 3809 911 3871 per
929 3789 1039 3854 malam
1056 3792 1268 3869 cogitationem,

164 3895 189 3956 si
211 3891 410 3968 clericushoc
429 3891 514 3967 iacit,
545 3891 617 3956 XIV
636 3892 699 3954 dies
721 3894 862 3971 peniteat,
889 3893 915 3953 si
935 3890 1106 3971 presbyter,
1128 3893 1186 3958 XL
1205 3893 1269 3958 dies

53 4012 56 4016 ·
163 3979 309 4074 peniteat,
332 3996 357 4055 si
379 3994 548 4074 episcopus,
570 3993 596 4055 L
618 3994 695 4064 dies,
717 3993 877 4056 monachus
899 3992 993 4054 XXX
1015 3992 1086 4054 dies.

226 4091 357 4156 Clericus
383 4092 503 4171 diligens
529 4096 629 4156 mente
658 4095 770 4156 tantum
799 4095 928 4172 aliquam
956 4092 1094 4166 [eminam
1121 4093 1175 4157 vu
1203 4093 1267 4156 dies

164 4194 302 4274 peniteat.

216 4449 261 4511 ⁷0)
281 4448 342 4501 cod.
363 4448 413 4499 aar
435 4447 623 4513 „pollutione”
643 4448 723 4500 deest.

216 4537 261 4600 71)
274 4535 342 4590 dod.
362 4535 413 4590 111
432 4535 474 4589 111
493 4536 556 4587 dica.
