3094 5100
783 295 854 374 130

209 495 249 560 12
325 497 442 560 Nullam
464 497 626 576 perfeetum
653 457 806 579 credemus
832 496 861 555 in
888 493 1034 574 baptismo
1060 498 1124 559 sine
1150 497 1369 562 confirmatione

263 601 406 680 episcopi,
434 601 533 661 tamen
555 615 611 658 uon
633 595 835 674 desperamus.

209 699 249 761 13
324 697 386 759 Nee
418 696 505 758 debet
539 698 693 778 episcopus
729 696 872 758 violenter
905 697 1033 756 retinere
1066 695 1205 778 abbatum
1241 699 1270 759 in
1306 699 1371 761 loco

228 785 232 794 ’
265 816 318 860 suo
341 817 431 859 esse.

208 897 248 960 1t
324 897 425 961 Abbas
448 900 543 978 potest
568 915 621 975 pro
646 896 842 958 bumilitatem
866 915 934 957 cum
956 897 1148 974 permissione
1170 900 1299 978 episcopi
1320 918 1371 960 re-

261 999 394 1077 linquere
420 998 517 1059 locum
544 1017 649 1070 suum,
684 1001 782 1060 tamen
812 996 918 1058 fraires
946 997 1054 1072 eligant
1083 997 1138 1058 sibi
1167 998 1304 1060 abbatem
1333 1000 1371 1061 de
1425 1025 1432 1034 ·

263 1100 334 1178 ipsis
360 1099 500 1178 propriis,
533 1100 558 1158 si
584 1097 710 1171 habeut3
742 1100 767 1158 si
795 1101 894 1159 autem
925 1098 961 1156 de
990 1099 1154 1171 extraneis,
1186 1103 1371 1178 congregatio

263 1199 350 1259 debet
373 1199 489 1274 elegere
513 1198 568 1258 sibi
592 1198 729 1259 abbatem
754 1191 819 1276 post
846 1199 972 1256 mortem
1001 1196 1079 1275 ejus,
1108 1197 1155 1258 vel
1179 1217 1247 1260 cum
1268 1202 1372 1264 vireu·

261 1303 338 1370 tem,
360 1301 385 1359 si
409 1301 472 1378 ipse
494 1298 661 1360 discesserit
682 1299 730 1362 vel
751 1299 925 1377 peccaverit.
958 1296 1024 1376 lpse
1047 1316 1102 1356 non
1124 1302 1220 1376 potest
1241 1299 1371 1378 aliquem

173 1425 176 1431 ·
261 1401 297 1459 de
319 1399 380 1459 suis
401 1399 572 1478 propinquis
592 1398 726 1461 ordinare
747 1400 810 1458 sine
830 1397 1012 1459 voluntatum
1034 1395 1169 1459 fratrum.
1270 1381 1272 1386 ⁵

209 1497 248 1562 15
325 1495 506 1558 Sacrificium
536 1516 592 1558 non
623 1502 668 1558 est
696 1498 896 1578 accipiendum
928 1497 965 1556 de
993 1516 1081 1560 manu
1111 1499 1286 1572 sacerdotis,
1319 1503 1371 1578 qui

261 1599 400 1684 orationis
421 1599 468 1661 vel
490 1599 622 1660 lectionis
644 1600 806 1660 secuudum
827 1601 918 1659 ritum
940 1598 1062 1677 implere
1083 1616 1140 1659 nou
1162 1603 1267 1677 potest.

208 1698 248 1762 16
324 1698 398 1761 Cum
425 1696 546 1759 Graecis
574 1717 630 1759 non
661 1698 796 1777 frangunt
824 1699 935 1760 diaconi
964 1717 1102 1778 panerem
1130 1703 1282 1774 sanctum,
1314 1719 1371 1763 ncc

261 1798 472 1860 conlectionem
494 1799 603 1860 dicunt.
973 1788 976 1794 ’
1189 1792 1193 1799 ”

208 1901 249 1963 17
323 1899 490 1961 Presbitero
510 1900 578 1961 licet
595 1901 656 1960 solo
673 1903 793 1961 missam
814 1899 926 1972 lacere,
949 1901 974 1961 si
996 1917 1115 1960 necesse
1140 1903 1201 1974 est,
1224 1902 1255 1960 ct
1274 1917 1370 1980 pepu-

260 2001 322 2061 lum
344 2000 516 2061 benedicere
538 2003 566 2060 in
588 2020 764 2081 parasceve,
790 2005 819 2061 et
841 2020 959 2062 crucem
982 2001 1176 2063 sanctificare.

207 2097 247 2163 18
322 2097 386 2160 Nou
412 2101 480 2160 licet
508 2101 605 2164 abbati
633 2113 728 2179 neque
756 2102 883 2182 episcopi
908 2105 1018 2162 terram
1044 2099 1168 2162 ccclesia
1189 2117 1309 2165 reterre
1332 2101 1369 2162 ad

260 2200 365 2274 aliam,
390 2202 526 2280 quamvis
548 2201 634 2264 ambe
655 2205 684 2262 in
707 2204 851 2282 potestate
873 2201 936 2278 eius
958 2203 1027 2264 sint.

207 2300 247 2364 19
323 2301 485 2382 Episcopus
508 2321 562 2363 non
585 2303 671 2363 debet
692 2303 829 2366 abbatem
855 2303 892 2362 ad
914 2301 1014 2363 sinodo
1036 2302 1096 2374 ire,
1123 2304 1179 2364 uisi
1201 2300 1257 2364 alia
1278 2301 1369 2362 ratio-

261 2401 365 2463 nabilis
387 2419 474 2464 causa
496 2405 543 2464 sit.

206 2499 249 2561 20
321 2502 352 2565 Si
375 2505 484 2566 mutari
505 2504 568 2566 rult
589 2506 699 2566 terram
721 2501 879 2576 ecclesiae,
903 2519 970 2562 cum
990 2519 1132 2563 consensu
1147 2501 1301 2564 amborum
1320 2503 1369 2563 sit

207 2599 246 2661 21
323 2601 354 2663 Si
378 2607 444 2681 quis
468 2604 618 2666 ordinatus
644 2606 682 2664 sit
707 2622 760 2682 per
787 2603 977 2680 ignorantiam
1005 2605 1161 2679 autequam
1188 2601 1369 2682 baptizatus,

262 2702 370 2764 debent
390 2705 496 2766 iterum
518 2703 667 2783 baptizari.

209 2800 250 2862 22
324 2801 383 2877 Qui
414 2805 513 2866 autem
545 2803 582 2864 ab
616 2803 664 2864 illo
696 2803 794 2880 gentili
827 2801 964 2882 baptizati
997 2802 1122 2876 luerint,
1157 2805 1188 2864 et
1219 2804 1281 2880 ipse
1311 2821 1370 2867 nou

262 2904 423 2964 ordinetur.

208 2996 249 3064 28
324 3000 383 3077 Qui
404 3003 449 3064 bis
471 3002 607 3080 baptizati
630 3005 697 3063 sunt
719 3003 901 3080 ignoranteS,
929 3021 985 3063 non
1007 3002 1116 3079 indiget
1137 3019 1191 3081 pro
1212 3020 1247 3062 eo
1269 3005 1371 3082 poeni-

261 3105 399 3175 teutiam,
427 3103 483 3163 nisi
505 3103 581 3180 quod
603 3102 763 3162 secundum
785 3117 909 3164 canones
929 3119 985 3164 non
1007 3105 1129 3184 possunt
1153 3102 1287 3165 ordinare
1310 3104 1368 3166 nisi

262 3222 314 3281 pro
336 3219 440 3280 magua
463 3203 646 3263 necessitate.

208 3299 249 3363 ut
323 3304 355 3364 lu
371 3303 518 3383 baptismo
535 3305 654 3381 peccata
673 3301 873 3375 dimittuntur,
896 3321 951 3363 non
971 3300 1177 3380 conjunctionis
1195 3303 1369 3379 mulierum,

260 3405 330 3479 quia
359 3403 427 3476 tilii,
456 3403 506 3479 qui
535 3407 603 3463 ante
631 3402 810 3481 baptismum
839 3402 922 3464 luere
949 3405 1095 3480 generati,
1124 3403 1176 3464 filii
1205 3403 1267 3481 ejus
1294 3422 1370 3466 uou-

261 3506 415 3583 cupantur.

110 3595 115 3606 ’
207 3603 248 3666 25
321 3603 352 3665 Sl
374 3603 441 3681 quis
461 3601 518 3662 hab
541 3603 663 3665 erediois
685 3605 833 3664 ordinatus
855 3604 909 3676 sit,
932 3605 1039 3665 iterum
1059 3603 1147 3664 debet
1167 3604 1305 3665 ordinari.

205 3704 248 3767 26
322 3703 353 3767 Si
380 3705 446 3783 quis
463 3692 636 3784 'baptizatus
665 3708 711 3765 est
740 3703 777 3766 ab
806 3705 914 3766 cretico
941 3707 992 3783 qui
1018 3707 1099 3766 recte
1125 3706 1285 3767 trinitatem
1311 3724 1369 3767 non

260 3804 430 3879 crediderit,
456 3805 563 3866 iterum
585 3804 673 3866 debet
694 3804 845 3885 baptizari.
1326 3804 1329 3812 ’

205 3908 248 3969 27
323 3903 354 3965 Si
376 3905 442 3984 quis
463 3923 480 3965 a
502 3905 665 3969 chatholica
683 3905 805 3966 ecclesia
824 3905 974 3968 transterit
992 3904 1028 3966 ad
1047 3903 1192 3979 heresim,
1214 3910 1245 3967 et
1265 3911 1369 3989 postea

259 4023 415 4078 reversus,
444 4024 499 4066 nou
521 4009 617 4086 potest
638 4007 783 4081 ordmeri,
812 4008 867 4068 nisi
892 4021 946 4086 pro
969 4021 1073 4083 magna
1094 4007 1286 4082 necessitate,
1314 4013 1370 4072 aut

261 4108 327 4184 poet
348 4104 432 4182 longa
454 4105 638 4168 abstinentia.

206 4205 248 4270 28
325 4203 357 4264 Si
379 4207 444 4283 qula
465 4207 656 4284 coneupluam
676 4204 840 4279 habebant,
861 4223 918 4266 uon
940 4201 1027 4267 debet
1047 4203 1184 4270 ordinari.

207 4307 248 4378 29
324 4305 354 4368 Sl
376 4308 442 4385 quis
463 4306 587 4370 clericus
608 4309 775 4385 pervenerit
799 4306 834 4369 ad
859 4305 977 4368 firmum
1002 4323 1165 4388 paganum,
1192 4309 1300 4373 melius
1320 4315 1367 4374 est

261 4406 400 4486 baptizari
422 4425 489 4468 eum
513 4408 541 4466 in
562 4408 679 4468 nomine
700 4408 837 4469 trinitatis
858 4425 927 4469 cum
948 4427 1024 4486 aqua
1045 4410 1167 4486 signata.
