3094 5100
727 359 796 434 173

707 557 810 628 XLII.

591 710 630 759 lte
650 707 736 772 precio
757 707 855 758 mensis
871 703 926 772 ¹¹⁸).

270 843 327 904 Pro
348 861 406 902 uno
429 861 549 916 mense,
578 841 654 921 quod
677 843 705 902 in
728 861 802 922 pane
822 846 852 902 et
874 859 949 920 aqua
976 845 1107 920 penitere
1130 843 1234 915 debet,
1261 859 1312 904 oe·

208 961 277 1005 nere
306 943 394 1002 debet
426 943 438 1002 I
466 944 552 1022 psalt.
584 948 614 1003 et
642 943 765 1004 ducenta
796 939 949 1018 genuflexa
981 943 1027 1003 vei
1061 945 1125 1004 sine
1156 941 1310 1020 genuflexu

207 1043 335 1124 psalmos
355 1041 533 1104 DCLXXX.
570 1044 609 1104 Et
635 1047 735 1122 postea
762 1043 840 1103 omni
866 1043 913 1102 die
937 1042 1050 1103 reficiat
1076 1061 1108 1103 se
1132 1044 1169 1103 ad
1196 1047 1310 1104 sertam

207 1145 262 1202 nisi
285 1143 326 1203 IV
347 1146 377 1201 et
399 1144 437 1203 VI
459 1143 548 1215 feria,
568 1141 679 1220 jejunet
694 1143 730 1204 ad
747 1144 849 1205 horam
867 1159 972 1203 nonam
991 1147 1020 1202 et
1038 1144 1177 1205 decarne
1195 1147 1225 1203 et
1243 1144 1312 1206 virro

207 1241 359 1303 abstineat.
396 1241 434 1301 Et
455 1246 609 1320 postquam
631 1243 728 1319 psallit
749 1243 839 1304 atium
861 1243 969 1320 cybum
992 1246 1098 1303 sumat.

269 1341 325 1400 Per
353 1340 544 1402 ebdomadam
572 1340 642 1403 CCC
673 1343 800 1421 psalmos
829 1361 923 1420 genua
953 1341 1095 1403 flectendo
1126 1343 1154 1402 in
1186 1342 1310 1404 ecclesie

208 1442 259 1501 uut
280 1440 308 1497 in
330 1458 388 1500 uno
409 1441 471 1500 loco
492 1459 546 1518 per
566 1442 697 1502 ordinem
720 1443 832 1520 psallat.

269 1537 326 1610 Qui
347 1557 418 1600 vero
439 1541 566 1618 psalmos
587 1560 643 1600 non
665 1544 745 1601 novit
766 1546 796 1600 et
817 1539 948 1618 jejunare
974 1560 1029 1602 non
1058 1544 1148 1620 possit
1173 1558 1227 1619 pro
1252 1559 1311 1601 uno

209 1655 299 1710 anno,
326 1641 402 1717 quod
420 1639 554 1717 jejunare
575 1640 663 1700 debet
688 1643 715 1700 in
739 1658 813 1719 pane
836 1644 865 1700 et
887 1659 980 1718 aqua,
1007 1640 1095 1700 donet
1116 1644 1145 1701 in
1167 1642 1312 1719 elemosy-

207 1756 259 1798 nas
286 1737 392 1799 soIidos
424 1737 535 1799 XXVI.
583 1739 621 1799 Et
653 1742 680 1799 in
713 1758 889 1818 unaquaque
919 1739 1078 1801 ebdomada
1109 1740 1186 1800 diem
1219 1759 1309 1800 unum

141 1856 144 1860 ’
203 1835 320 1914 jejunet
339 1839 375 1899 ad
402 1857 506 1900 nonam
534 1845 564 1899 et
590 1839 679 1899 aIium
706 1838 743 1898 ad
767 1856 923 1915 vesperum
951 1842 981 1897 et
1007 1840 1036 1897 in
1064 1838 1158 1899 tribus
1186 1839 1311 1917 quadra·

205 1937 324 2012 gesimis
349 1942 490 2015 quantum
516 1939 606 1998 sumit
634 1941 736 2015 penset
758 1942 787 1997 et
809 1937 996 1999 medietatem
1018 1937 1128 1999 tribuat
1150 1940 1178 1998 in
1201 1939 1311 1998 elemo-

208 2054 321 2114 synam.
358 2036 392 2097 Iu
415 2038 542 2098 seeundo
563 2057 638 2100 anno
659 2039 810 2098 remissior
831 2039 886 2099 erit
908 2039 1075 2115 penitentia.

696 2227 816 2298 XLIII.

580 2377 618 2426 De
637 2375 721 2436 precio
741 2375 801 2424 anni
821 2375 860 2427 vei
880 2374 938 2424 diei.

268 2511 368 2572 Primo
394 2528 468 2574 anno
496 2509 615 2586 quidem
642 2509 837 2587 promiserunt
863 2505 903 2568 IV
924 2507 1073 2571 triduanas
1100 2510 1311 2571 IntervenIente

206 2628 263 2671 una
290 2615 383 2671 nocte.
429 2609 486 2670 Atii
516 2613 605 2685 egunt
632 2607 691 2668 XII
722 2606 889 2678 triduanas,
922 2607 976 2668 hoo
1004 2610 1049 2667 est
1077 2609 1168 2669 semel
1197 2611 1224 2668 iu
1253 2629 1310 2671 uno

204 2727 322 2782 mense,
344 2710 461 2787 quidam
484 2707 618 2767 dixerunt
639 2706 788 2768 triduanas
810 2725 897 2782 agere
918 2708 946 2766 iu
965 2707 1138 2769 verberibus
1157 2709 1185 2768 in
1204 2710 1310 2787 vigiliis

205 2811 233 2869 iu
255 2809 441 2887 sistendoque
462 2807 609 2877 triduum,
632 2807 680 2868 aiii
702 2809 743 2866 sIc
765 2808 813 2866 eiii
834 2825 905 2867 vero
927 2809 978 2868 sie.

267 2908 396 2969 Pretium
418 2910 516 2969 autem
539 2906 595 2964 diei
617 2904 671 2964 hoc
693 2910 739 2965 est
763 2923 873 2984 agapen
900 2905 1013 2969 duobus
1040 2907 1086 2968 rei
1116 2906 1210 2967 trihus
1238 2926 1310 2985 pau-

204 3007 333 3086 peribus.
368 3009 425 3069 AIii
447 3009 541 3066 totum
563 3006 733 3083 psalterium
756 3007 784 3064 in
807 3009 917 3077 estate,
948 3008 976 3065 in
1005 3007 1100 3082 igeme
1128 3023 1198 3068 vero
1223 3009 1254 3066 et
1280 3009 1309 3067 iu

206 3125 297 3168 verno
324 3108 371 3170 vei
402 3109 429 3166 iu
460 3111 601 3168 autumno
631 3105 653 3166 C
680 3105 817 3182 psalmos.
862 3103 987 3178 Quidam
1016 3105 1219 3184 judicaverunt
1249 3105 1309 3167 XII

207 3207 305 3284 plagas
327 3208 372 3269 vei
394 3210 596 3286 percussiones
622 3206 667 3267 vei
694 3206 759 3284 pius
783 3208 897 3278 minus,
926 3212 1024 3266 tamen
1046 3210 1177 3284 tempora
1200 3205 1313 3267 discor-¹

206 3326 275 3367 nere
301 3310 502 3385 unusquisque
526 3306 616 3385 judex
644 3306 730 3365 debet
757 3307 875 3384 quidam
903 3307 931 3366 iu
957 3307 1055 3367 labore
1081 3307 1174 3367 alieno
1195 3307 1243 3367 vei
1267 3307 1315 3365 in-‘

205 3407 346 3468 sseeteudo
375 3407 431 3469 XL
459 3406 504 3466 bis
532 3407 646 3468 desinat
675 3408 705 3464 et
730 3405 854 3466 addetur
880 3403 911 3465 X
939 3405 1065 3467 seeundo
1087 3405 1150 3466 XX
1177 3408 1311 3485 superior

206 3506 300 3568 XXX
321 3510 346 3569 si
368 3508 448 3570 labor
470 3526 525 3567 uon
548 3509 594 3566 sit.

699 3699 817 3768 XLIV.

650 3847 716 3898 Item
743 3849 866 3910 sequeitur.

268 3985 326 4060 Qui
348 3989 448 4047 autem
469 3985 542 4058 hoe,
570 3983 646 4061 quod
670 3987 697 4044 In
725 3985 911 4070 penitentiale
934 3986 1075 4064 seriptum
1099 3989 1160 4057 est,
1189 3987 1311 4068 impiere

206 4089 347 4166 potuerit,
377 4085 484 4146 bonum
506 4089 567 4157 est,
597 4087 647 4162 qui
668 4088 765 4146 autem
789 4104 843 4145 non
866 4086 994 4164 potuerit
1019 4105 1054 4148 ea
1075 4087 1214 4166 impiere,
1243 4107 1311 4148 con-

206 4189 303 4248 sitium
325 4189 429 4250 damus
451 4205 503 4264 per
523 4184 753 4253 misericordiam
775 4185 831 4244 dei.
863 4183 1033 4262 InprimIIus
1054 4189 1087 4246 ut
1108 4204 1161 4264 pro
1182 4204 1241 4245 uno
1262 4186 1310 4246 die

207 4287 235 4345 iu
254 4307 329 4365 pane
344 4293 374 4348 et
389 4305 466 4365 aqua
482 4285 505 4345 L
519 4284 646 4364 psalmos
661 4285 878 4362 unusquisque,
901 4285 951 4361 qui
968 4288 1081 4364 potest,
1103 4288 1199 4348 oentet
1215 4304 1310 4363 genua

204 4448 512 4466 m

260 4546 321 4610 11⁸)
341 4546 404 4598 (iod.
423 4548 474 4599 151
493 4545 526 4596 ds
544 4545 625 4609 pretio
643 4544 719 4596 unius
737 4543 843 4594 mensis.
