3108 5098
786 317 837 398 86

260 523 291 581 et
311 519 348 581 rle
369 518 476 596 quibus
497 515 655 598 Apostolus
676 517 731 578 aits
753 518 890 596 quoniam
911 535 1008 596 neque
1028 519 1110 582 avari
1130 533 1226 596 neque
1243 534 1365 600 rapaces
1406 599 1413 608 ἢ
1461 512 1467 530 “

260 622 291 680 et
311 623 418 694 cetera,
442 620 580 696 quoniam
602 618 653 696 qui
674 618 741 680 talia
764 619 853 694 agunt
873 618 1066 695 regnumdei
1088 635 1144 679 non
1165 618 1365 697 possidebunt,

259 719 308 781 illa
329 713 406 781 actio
426 719 622 797 poenitentiae
644 716 795 780 subeunda
815 721 871 788 est,
892 719 921 777 in
944 737 1003 796 qua
1024 715 1164 794 majorem
1187 720 1216 778 in
1235 737 1268 780 se
1284 720 1365 796 quis·

260 835 319 897 que
341 818 529 880 seueritatem
550 817 655 876 debeat
682 815 825 877 exherere
846 819 879 876 ut
900 836 917 878 a
938 835 971 877 se
992 818 1056 896 ipso
1075 815 1220 894 judicatus
1241 837 1297 878 non
1317 816 1366 896 ju·

259 917 374 980 dicatur
401 937 418 978 a
441 917 557 978 domino
584 933 660 993 quae
691 918 766 979 actio
794 918 988 996 poenitentiae
1014 921 1084 978 tunc
1105 919 1161 978 erit
1183 917 1313 996 perlecta
1335 923 1366 979 et

259 1010 462 1096 acceptabilis,
492 1019 518 1076 si
545 1015 708 1076 ascenderit
737 1015 824 1076 bomo
853 1017 1010 1077 adversum
1039 1035 1072 1078 se
1100 1017 1226 1077 tribunal
1256 1019 1366 1080 mentis

259 1137 352 1192 suae,
384 1121 414 1178 et
441 1117 624 1178 constituerit
652 1135 684 1176 se
711 1120 778 1179 ante
808 1115 912 1178 laciem
939 1135 1039 1188 suam,
1072 1135 1108 1177 ne
1137 1117 1192 1178 boo
1214 1119 1242 1179 ei
1263 1121 1366 1196 postea

259 1217 328 1290 liat,
359 1218 435 1278 sicut
463 1217 658 1278 comminatur
685 1216 758 1278 deus
786 1217 948 1295 peccatori,
977 1221 1066 1295 atque
1096 1219 1136 1278 ita
1157 1219 1314 1280 constituto
1335 1220 1365 1280 in

260 1314 347 1376 corde
364 1313 474 1393 judicio
495 1315 572 1376 adsit
592 1318 756 1378 accusatrix
777 1317 926 1392 cogitatio,
949 1319 1033 1378 testis
1055 1319 1248 1390 conscientia,
1270 1319 1366 1378 carni-

258 1415 308 1476 lex
336 1416 441 1486 timor,
470 1415 574 1475 deinde
602 1417 721 1494 sanguis
743 1418 857 1478 animae
880 1415 1045 1477 confitentis
1067 1435 1120 1496 per
1141 1418 1277 1480 lacrimas
1298 1436 1366 1496 pro·

259 1514 341 1578 linat.
385 1515 537 1577 Postremo
566 1516 594 1575 in
616 1517 790 1577 conscientia
812 1535 865 1577 sua
892 1533 926 1578 se
946 1516 1096 1593 indignum
1115 1515 1226 1594 judicet
1246 1519 1366 1597 partici-

259 1616 376 1693 patione
398 1616 527 1692 eorporis
548 1618 578 1675 et
599 1617 749 1692 sanguinis
770 1615 889 1689 domini,
910 1618 1047 1678 versetur
1067 1620 1136 1676 ante
1151 1617 1251 1677 oculos
1270 1619 1367 1695 imago

195 1775 198 1782 Δ
258 1714 351 1776 futuri
373 1712 495 1792 judicii,
523 1717 557 1776 ut
583 1733 651 1776 cum
672 1716 719 1777 alii
741 1715 884 1778 accedunt
905 1715 941 1777 ad
963 1715 1054 1778 altare
1076 1715 1122 1776 dei
1145 1733 1203 1792 quo
1224 1717 1287 1796 ipsa
1308 1735 1365 1778 non

259 1814 390 1886 accedit,
412 1815 538 1890 cogitet,
560 1833 647 1894 quam
671 1818 709 1877 sit
729 1816 985 1878 contremescenda
1007 1833 1100 1896 poena
1122 1833 1180 1893 qua
1202 1817 1367 1896 percipien-

259 1913 339 1975 tibus
353 1913 417 1976 aliis
431 1915 521 1976 vitam
537 1918 696 1987 aeternam,
711 1915 759 1976 alii
775 1918 804 1976 in
821 1920 945 1977 mortem
960 1917 1191 1995 praecipitantur
1203 1919 1366 1978 aeternam.

322 2013 494 2075 Mensuram
516 2017 616 2076 autern
636 2017 778 2094 temporis
799 2017 826 2075 in
850 2016 962 2092 agenda
984 2015 1160 2093 poenitentia
1181 2015 1289 2077 idcirco
1307 2033 1365 2076 non

260 2113 334 2176 satis
364 2114 475 2173 attente
505 2112 667 2190 praefigunt
699 2132 825 2177 canones
852 2133 905 2192 pro
935 2130 1112 2192 unoquoque
1141 2115 1281 2186 crimine,
1312 2114 1366 2176 sed

259 2213 353 2289 magis
385 2213 413 2270 in
443 2209 564 2272 arbitrio
592 2213 730 2272 antistitis
759 2211 981 2291 relinquendum
1011 2216 1159 2285 statuunt,
1191 2216 1260 2292 quia
1287 2213 1366 2292 apud

259 2313 347 2373 rieurn
377 2329 433 2372 non
461 2314 522 2372 tam
550 2311 630 2373 salet
654 2329 792 2372 mensura
812 2313 953 2392 temporis
974 2329 1063 2390 quarn
1084 2312 1208 2386 doloris,
1237 2330 1292 2374 nec
1312 2311 1365 2374 ab·

144 2467 146 2470 .
259 2413 396 2474 atinentia
417 2413 532 2473 tantum
553 2411 704 2490 cybomm,
729 2411 780 2471 sed
802 2411 987 2474 mortificatio
1008 2414 1104 2492 potius
1124 2414 1275 2484 vitiorum,
1297 2429 1365 2492 pro·

259 2515 326 2594 pter
346 2511 424 2588 quod
444 2514 578 2589 tempora
599 2511 794 2590 poenitentiae
816 2509 874 2571 lide
895 2514 925 2571 et
947 2513 1136 2574 conversione
1153 2513 1365 2591 poenitentium

261 2611 489 2674 abbreviandum
512 2611 710 2691 praecipiunt,
732 2614 762 2671 et
783 2611 955 2688 negligentia
977 2611 1155 2690 protelenda.

323 2711 432 2772 Extant
462 2713 563 2772 tamen
593 2729 646 2790 pro
675 2710 849 2788 quibusdam
881 2710 974 2791 culpis
1006 2711 1083 2772 modi
1113 2713 1307 2789 poenitentiae
1333 2714 1364 2774 in

261 2810 421 2872 canonibus
442 2811 577 2888 inpositi,
601 2808 683 2889 juxta
706 2829 780 2889 quos
802 2813 918 2871 ceterae
939 2809 1139 2889 rependendae
1161 2815 1230 2873 sunt
1251 2812 1364 2892 culpae,

261 2929 329 2974 cum
358 2913 397 2972 sit
423 2911 507 2971 lacile
535 2929 589 2990 per
610 2911 728 2972 eosdem
750 2908 851 2973 modos
871 2909 1029 2974 vindictam
1051 2913 1081 2970 et
1101 2926 1256 2973 censuram
1277 2929 1365 2972 cano·

262 3027 333 3072 num
356 3011 503 3071 estimare.
1208 3002 1212 3010 ‘

324 3109 409 3173 Nunc
425 3109 488 3189 jam
509 3110 635 3188 qualiter
655 3125 745 3170 unum
766 3108 903 3186 quodque
919 3108 1029 3188 J'udicio
1049 3109 1220 3174 sacerdotali
1238 3129 1364 3190 purgan-

261 3209 332 3272 dum
349 3211 387 3271 sit
400 3210 514 3282 vitium,
529 3208 659 3272 breviter
674 3212 720 3268 est
734 3211 763 3269 in
777 3208 928 3286 sequentis
943 3211 1041 3288 operis
1056 3208 1153 3272 libello
1166 3211 1364 3274 inserendum.

444 3385 573 3448 incipiunt
590 3385 700 3448 capitula
718 3385 774 3436 Lib.
792 3387 813 3436 1.
832 3386 864 3436 tle
882 3385 971 3436 ordine
989 3387 1184 3450 poenitentium.

283 3505 312 3568 1.
334 3503 372 3569 llt
388 3506 583 3585 poenitentiae
601 3507 734 3585 tempora
751 3504 835 3582 juxta
850 3505 1020 3584 qualitatem
1035 3506 1147 3585 peccati
1160 3505 1364 3568 decernantur.

281 3607 312 3669 2.
334 3606 418 3684 Quod
440 3606 510 3669 nulli
532 3607 570 3668 sit
591 3605 694 3668 ultima
715 3606 874 3684 penitentia
894 3605 1071 3684 deneganda.

283 3710 313 3772 3.
335 3709 380 3770 De
401 3707 448 3770 bis
469 3708 520 3786 qui
541 3707 717 3768 necessitate
738 3707 843 3768 mortis
862 3709 986 3784 urgente
1008 3707 1214 3785 poenitentiam
1230 3705 1365 3768 simulet

220 3803 222 3808 ’
345 3808 486 3870 viaticum
514 3809 634 3886 petunt,
663 3809 693 3866 et
720 3806 757 3866 de
783 3807 830 3868 bia
850 3809 902 3886 qui
922 3807 1130 3869 obmutescunt
1149 3809 1306 3885 antequam
1327 3805 1364 3869 ad

345 3925 396 3970 ooo
417 3907 551 3970 sacerdos
572 3907 694 3970 daturus
714 3908 923 3988 poenitentiam
944 3907 1073 3970 accedat.

283 4005 314 4069 la.
335 4007 378 4068 lle
399 4007 446 4068 bis
467 4009 517 4084 qui
539 4008 746 4086 poenitentiam
769 4027 857 4087 agere
877 4009 1024 4070 differunt.

283 4107 313 4175 5.
334 4105 421 4181 Quod
447 4110 600 4186 opporteat
629 4125 698 4169 eum
720 4111 770 4188 qui
791 4109 828 4172 ab
849 4109 964 4170 inlicitis
985 4109 1102 4172 veniam
1123 4109 1216 4190 poscit
1236 4109 1324 4172 etiam
1347 4129 1365 4174 a

345 4208 446 4269 multis
467 4208 554 4268 licitis
573 4206 728 4270 abstinere.

283 4309 313 4371 li.
334 4306 422 4382 Quod
440 4309 600 4388 poenitenti
621 4307 699 4370 nulla
720 4308 799 4371 lucra
820 4309 1022 4386 negotiationis
1043 4327 1181 4372 exercere
1200 4312 1364 4374 conueniat.

282 4411 312 4472 ⁷1.
332 4407 418 4484 Quod
438 4408 475 4473 ad
496 4407 629 4474 militiam
651 4410 832 4474 ueeulamm
852 4413 918 4491 post
938 4411 1146 4490 poenitentiam
1163 4427 1220 4472 non
1239 4410 1365 4474 debeant
