3108 5098
798 325 854 409 os

274 522 413 588 minione
432 519 582 600 privetur,
609 517 680 598 quia
697 535 756 580 non
776 517 904 588 11111111
921 517 1005 584 Deus
1021 515 1067 582 bis
1088 517 1118 580 iu
1136 515 1174 588 id,
1188 516 1283 594 ipsum
1295 471 1378 588 ,sed

275 627 374 686 omen
394 620 480 696 longo
499 622 631 697 tempore
648 617 784 682 mevenit
802 619 847 678 eia
865 617 976 682 diriter
996 616 1203 695 poenitentiam
1222 633 1325 692 agere,
1348 613 1379 680 iu

275 720 400 800 vigitiis,
417 721 450 782 in
469 716 602 796 iejuniis,
623 719 652 781 in
672 717 867 791 cretionibus,
888 719 917 780 in
937 717 1125 788 elemosinisr
1147 719 1178 776 et
1195 732 1250 793 per
1269 712 1379 784 mutiet

275 820 426 891 lacrimas,
447 820 563 880 veamm
582 818 676 882 abeo
697 835 850 895 quaerere.
896 816 963 878 Post
979 833 1072 881 annos
1091 833 1161 878 vero
1177 813 1245 881 1111.
1265 812 1313 874 vel
1333 811 1380 886 V„

275 918 383 1000 aliquid
401 919 444 978 eis
464 901 650 992 levigandum
668 920 730 990 est,
751 919 792 983 ita
812 921 911 980 tameo
929 920 1131 993 utnusquam
1149 916 1213 980 sine
1229 913 1381 993 poeniteor

275 1018 317 1080 tia
337 1016 421 1080 fiant.
464 1019 493 1087 S.
514 1015 562 1078 te.
588 1016 677 1090 Item,
699 1019 724 1078 si
741 1018 882 1099 clericam,
904 1020 956 1080 aut
973 1016 1146 1089 monactms,
1166 1015 1212 1078 rel
1231 1014 1380 1084 diaconias,

275 1121 327 1180 aut
345 1115 500 1197 presbiter,
520 1134 589 1178 cum
606 1117 709 1182 inuitis
726 1117 860 1182 faeminis
877 1116 1096 1181 fornicationem
1114 1117 1255 1187 imitabor,
1277 1112 1381 1184 idest,

276 1234 344 1278 cum
361 1233 452 1278 uxore
469 1215 605 1287 alterius,
627 1219 741 1278 etcum
759 1215 1036 1287 sanctimonialibus,
1057 1215 1203 1292 smulque
1220 1229 1294 1278 oum
1308 1228 1382 1276 nob

276 1315 365 1381 stilis
384 1313 571 1386 vacuantur,
592 1319 646 1378 aut
665 1334 733 1380 cum
752 1317 939 1394 propinante
964 1316 1062 1378 cienci
1083 1316 1251 1394 poeniteant
1268 1311 1308 1376 X·
1327 1328 1382 1374 en·

277 1433 345 1486 nom
371 1413 539 1476 subdiaconi
563 1415 648 1489 xil.;
675 1416 789 1480 diaconi
808 1419 839 1476 et
857 1416 991 1480 mooncbi
1010 1415 1092 1488 ΧΗ
1116 1413 1271 1493 presbiteri
1289 1407 1381 1482 XX.;

276 1517 308 1576 et
335 1531 483 1590 nunquam
513 1519 612 1593 postea
638 1516 701 1576 sine
728 1517 903 1595 poenitentia
932 1514 1012 1578 siant.
1053 1513 1085 1576 Si
1112 1512 1186 1574 iiiios
1211 1529 1247 1584 su
1272 1505 1382 1581 talibus

275 1613 445 1690 genuerint,
468 1617 536 1674 tuoe
555 1614 688 1691 augenda
706 1617 751 1678 est
771 1616 958 1694 poenitentia.
1002 1619 1031 1688 S.
1049 1613 1098 1677 13.
1120 1611 1278 1692 AEpisoopi,
1295 1626 1382 1688 pres·

137 1791 139 1796 Ι
275 1711 382 1784 biteri,
411 1712 540 1786 diaconi,
567 1713 752 1786 subdiaconi,
781 1718 884 1777 votum
904 1715 1106 1778 monachicum
1129 1713 1289 1783 babentes,
1311 1725 1381 1773 curu

275 1811 546 1876 sanctimonialibus
567 1813 613 1874 vei
632 1811 693 1872 Deo
711 1815 815 1877 dicatis
835 1813 1056 1880 fornicationem
1076 1815 1239 1882 imitantes,
1258 1807 1382 1872 subdia·

275 1912 343 1974 coni
364 1909 444 1973 viii.
469 1929 560 1975 annos
583 1916 765 1991 poeniteant,
793 1912 846 1974 111.
869 1914 899 1972 in
924 1931 999 1992 pano
1025 1918 1054 1972 et
1078 1931 1172 1990 aqunt
1202 1909 1316 1973 diaconi
1339 1907 1381 1972 X.

163 2067 166 2072 .
275 2027 368 2072 anuos
395 2011 577 2088 poeniteant,
603 2011 670 2074 1111.
692 2013 720 2073 in
741 2031 816 2092 pane
833 2016 866 2072 et
885 2031 981 2091 squar
1010 2011 1163 2091 presbiteri
1181 2009 1250 2074 xit
1269 2024 1378 2082 nunes,

267 2107 317 2198 Ι1.
336 2109 365 2168 in
384 2127 459 2187 pane
479 2114 510 2170 et
524 2128 619 2187 aquas
651 2112 797 2190 aepiscopi
815 2111 885 2174 xii.
905 2130 1012 2182 anuos,
1036 2112 1084 2176 vl.
1105 2113 1134 2175 iu
1152 2111 1274 2190 panelet
1287 2114 1382 2185 ‘apim

276 2206 419 2272 Similiter
445 2212 476 2270 et
498 2208 567 2272 ritae
590 2209 764 2287 poeniteant.
805 2210 836 2272 Si
860 2213 959 2272 nutem
982 2212 1136 2287 genuerint
1159 2208 1279 2278 liberos,
1312 2211 1383 2273 tuuc

277 2307 413 2384 wuda
436 2310 482 2370 est
507 2310 703 2387 poenitentia,
733 2309 761 2378 ii
786 2314 847 2381 eei.
876 2309 1046 2375 mboiaconi
1069 2309 1109 2374 X.
1131 2325 1239 2378 annos,
1260 2305 1328 2368 1111.
1351 2307 1382 2368 iu

152 2433 158 2454 ι
278 2410 510 2486 protectionum
530 2407 644 2468 diaconi
662 2406 730 2470 XII.
748 2427 851 2480 anuos,
873 2409 910 2470 V.
927 2411 955 2470 io
975 2428 1049 2488 pane
1067 2414 1097 2468 et
1113 2425 1207 2485 aqum
1227 2404 1383 2486 presbiteri

281 2505 349 2567 XV.
369 2523 476 2578 nouos,
500 2507 548 2568 vi.
569 2509 598 2566 in
620 2527 695 2586 pane
716 2512 746 2570 et
765 2525 859 2585 aqum
880 2510 1026 2589 aepiscopi
1038 2509 1118 2572 XX.
1135 2525 1244 2578 anuos,
1265 2504 1330 2566 vll.
1351 2504 1382 2569 in

277 2623 353 2684 pane
374 2609 404 2666 et
423 2623 509 2682 aqua,
552 2610 581 2678 1
603 2607 654 2670 11.
684 2609 758 2672 Item
780 2609 945 2688 aepiscopi,
966 2608 1137 2688 presbiteri,
1159 2607 1288 2680 domni,
1310 2603 1383 2668 snb·

279 2703 409 2778 diaconi,
430 2710 532 2768 notum
551 2707 755 2771 monachicum
779 2707 937 2780 babentes,
958 2709 984 2768 si
1002 2706 1222 2771 fornicationem
1240 2721 1310 2767 cum
1327 2703 1381 2770 iai-

279 2804 321 2866 cis
343 2802 479 2868 iaeminia
496 2807 663 2878 imitantur,
684 2806 713 2866 id
735 2811 797 2879 est,
819 2824 887 2868 cum
906 2807 1020 2878 uiduis,
1041 2810 1094 2870 ant
1114 2805 1240 2884 puetiisr
1258 2801 1382 2868 subdia·

279 2904 346 2969 coni
364 2902 408 2964 Vi,
427 2921 535 2976 minos,
555 2902 608 2966 111.
625 2907 654 2968 in
671 2924 746 2984 pane
763 2910 793 2968 et
810 2925 903 2984 cqua3
932 2905 1044 2969 diaconi
1061 2904 1152 2978 vill..
1173 2903 1239 2966 1111.
1259 2904 1288 2962 in
1305 2919 1381 2982 poue

277 3005 308 3069 et
325 3019 423 3080 epum
445 3002 599 3080 presbiteri
616 3005 653 3064 X·
674 3023 780 3074 annos,
803 3005 838 3064 V.
858 3006 885 3066 in
908 3024 984 3084 pane
1001 3008 1031 3066 et
1047 3023 1141 3084 annac
1162 3002 1290 3084 episcopi
1311 2999 1379 3064 xit

237 3181 241 3190 ι
277 3119 384 3172 anuos,
407 3100 456 3162 Vl.
475 3103 503 3162 io
524 3120 598 3180 pane
618 3106 649 3164 et
666 3120 753 3179 equa·
782 3102 921 3165 Similiter
937 3108 967 3167 et
988 3104 1053 3171 ibae
1070 3105 1248 3182 poen'ieant.
1270 3101 1295 3162 si
1309 3116 1380 3174 curn

277 3200 384 3265 tutibus
403 3201 536 3280 personis
555 3200 727 3280 conjunctae
742 3200 864 3264 iucriut.
906 3207 935 3276 1
954 3201 1002 3266 15.
1025 3203 1103 3269 itan·
1118 3202 1275 3281 aepiscopi,
1295 3216 1381 3278 pres·

277 3299 377 3374 bitot,
397 3297 527 3372 diaconi,
548 3299 727 3374 subdiaconi,
752 3305 854 3366 notum
872 3302 1075 3367 monachicum
1095 3301 1247 3371 hebentes,
1269 3300 1380 3362 sicum

278 3417 368 3463 uxore
388 3398 507 3462 alterius
529 3398 705 3464 adulterium
722 3399 862 3472 iecerint,
884 3402 1050 3479 poeniteant
1064 3401 1143 3462 sicut
1162 3396 1380 3478 supradictum

277 3501 323 3565 ent
340 3497 377 3559 de
394 3498 673 3574 sanctimonialibus,
695 3499 743 3560 nel
760 3499 824 3562 Deo
841 3498 951 3564 dicatis.
995 3503 1023 3572 t.
1041 3499 1089 3562 16.
1112 3497 1144 3561 Si
1162 3499 1229 3576 quis
1246 3495 1381 3568 clericare,

277 3601 328 3679 qut
348 3596 527 3671 monachus,
548 3603 707 3680 postquam
726 3616 759 3660 se
777 3598 840 3660 Deo
859 3597 987 3670 voverit,
1007 3599 1044 3659 ad
1062 3595 1226 3661 secularem
1246 3593 1382 3656 habitum

274 3699 385 3764 iterum
406 3715 545 3766 reversus
561 3696 668 3770 tuerit,
688 3699 740 3761 nut
759 3714 881 3761 uxorem
902 3696 1034 3770 duxerit,
1056 3693 1095 3758 X.
1114 3712 1206 3760 anuos
1223 3693 1381 3774 poeniteat,

275 3796 329 3861 111.
351 3813 388 3857 ex
408 3794 454 3858 bis
474 3798 503 3858 in
525 3814 600 3874 pane
620 3799 762 3878 otiaque,
789 3799 818 3858 et
839 3813 989 3874 nunquam
1008 3798 1109 3873 postea
1128 3793 1157 3852 in
1179 3791 1311 3874 conjugio
1330 3807 1382 3856 oo·

274 3896 403 3977 putetur.
447 3890 532 3966 Quod
550 3895 576 3956 si
592 3895 735 3970 notuerit,
757 3898 856 3959 sancta
873 3893 1018 3974 synodus,
1039 3893 1086 3958 vei
1106 3891 1193 3957 aedes
1210 3891 1381 3974 apostolica,

275 3989 424 4074 ,separabit
446 4009 497 4054 eos
516 4011 534 4054 a
555 3993 758 4056 communione
778 3996 810 4054 et
830 3992 962 4056 convivio
984 3990 1202 4057 catholicorum.
1237 3990 1382 4057 Similiter

275 4095 308 4154 et
331 4089 453 4162 mulier,
480 4094 634 4170 postquam
660 4108 692 4152 se
716 4089 777 4152 Deo
800 4092 929 4164 vovent,
955 4092 981 4155 si
1003 4088 1061 4151 tate
1087 4089 1185 4153 scetus
1210 4089 1380 4166 admiserit,

274 4192 341 4278 pari
364 4192 527 4253 sententiae
553 4189 727 4268 subjacebit.
771 4194 800 4262 §-
824 4190 872 4253 17.
900 4187 1062 4252 Monachus
1088 4207 1233 4268 quaerens
1254 4189 1381 4254 tornien-

277 4293 387 4357 tiouem
409 4294 440 4354 et
463 4308 522 4357 uon
545 4290 712 4363 inveniens,
743 4308 836 4356 mum
859 4306 968 4356 annum
988 4292 1023 4351 et
1046 4288 1199 4355 dimidium
1222 4291 1379 4370 poenim

278 4395 307 4465 t
329 4387 380 4456 ts.
405 4388 438 4454 Si
456 4391 523 4470 quin
542 4388 665 4455 clericus
686 4392 737 4454 cut
756 4386 917 4455 monachus
937 4387 1116 4468 concupiscit
1133 4388 1289 4457 mulierem
1308 4388 1381 4456 atie

272 4506 363 4567 ,naon
388 4483 1050 4596 etmnpotestpeccarecumec,ideat,
1078 4488 1381 4573 pptnnpruitspni
