3094 5100
795 355 866 432 ¹18

276 571 367 618 annos
385 555 533 633 poeniteat
553 551 583 615 in
604 571 680 634 pane
700 555 731 615 et
748 541 838 632 aqui.
872 553 991 616 Parvuli
1013 570 1046 614 ae
1067 552 1193 616 invicem
1215 555 1381 632 percutien-

276 655 339 728 tes,
360 657 420 716 tres
441 654 513 716 dies.
549 654 672 720 sivero
693 653 908 725 adolescentes,
929 653 1031 730 viginti
1051 653 1114 714 dies
1135 655 1310 732 poeniteant

699 933 853 985 caplim„
871 934 958 985 XXV.

275 1054 314 1103 be
331 1053 398 1111 illis,
421 1053 466 1117 qui
484 1053 517 1103 ad
536 1053 681 1104 ledendum
699 1053 831 1104 bominem
849 1052 1017 1107 surrexerint,
1038 1050 1153 1104 volantes
1172 1062 1231 1100 eum
1249 1049 1381 1109 occidere,

697 1146 721 1190 et
739 1152 791 1189 non
810 1143 953 1201 potuerunt.

337 1261 396 1338 Qui
417 1264 453 1326 ad
474 1264 638 1326 feriendum
658 1265 806 1325 hominem
829 1265 1004 1337 surrexerit,
1026 1263 1127 1327 voleus
1149 1281 1217 1325 eum
1235 1263 1379 1335 occidere,

274 1365 335 1423 tres
354 1365 530 1442 septimanas
547 1364 702 1444 poeniteat.
738 1361 769 1424 Si
788 1361 919 1424 Clericus
937 1362 1041 1435 luerit,
1063 1381 1114 1423 sex
1132 1381 1260 1424 meuses.
1291 1359 1380 1436 Quod

163 1529 165 1540 ,
273 1462 298 1522 si
318 1461 532 1535 vulneraverit,
557 1463 747 1541 quadraginta
768 1462 840 1522 dies.
876 1461 908 1523 Si
929 1461 1060 1524 Clericus
1082 1461 1245 1534 Clerieum,
1268 1477 1380 1522 anmrm

272 1561 386 1621 totum:
431 1560 483 1622 sed
519 1563 549 1620 et
584 1561 738 1639 pecuniam
774 1576 827 1638 pro
861 1560 947 1621 modo
981 1561 1131 1634 vulneris,
1173 1561 1220 1623 cui
1255 1559 1379 1634 inilixit,

273 1656 392 1721 tribuat.

641 1870 645 1877 Ι
689 1914 842 1966 carrion.
861 1915 960 1968 xxvi.

536 2036 574 2085 lle
592 2033 644 2084 illis
663 2035 707 2098 qui
725 2033 840 2098 sibiipsis
857 2039 967 2084 mortem
985 2033 1104 2084 inierunt.

124 2179 188 2220 cone
211 2179 260 2220 nra.
311 2203 313 2208 -
333 2158 462 2232 Placuit,
483 2160 588 2238 utqui
609 2159 665 2220 sibi
686 2160 757 2238 ipsis
777 2159 971 2223 voluntariam
993 2177 1046 2238 per
1066 2157 1192 2233 ferrum,
1214 2163 1265 2225 aut
1285 2177 1379 2224 vene-

109 2237 359 2337 ‘ffissffmfifflffinum
387 2262 438 2320 aut
458 2276 511 2337 per
532 2259 752 2337 praecipitium,
780 2260 832 2320 aut
860 2275 913 2336 per
939 2257 1146 2337 suspendium,
1173 2257 1220 2324 vel
1245 2258 1377 2337 quolibet

109 2309 148 2338 Ωιι

108 2356 179 2454 Ὗ
200 2351 216 2394 ῑ
237 2357 259 2408 4·
272 2358 358 2419 modo
379 2356 506 2419 inierunt
526 2361 668 2429 mortem3
690 2355 767 2417 nulla
786 2357 814 2415 in
833 2354 977 2417 oblatione
995 2375 1048 2436 pro
1064 2357 1121 2419 illis
1137 2358 1376 2422 commemoratio

108 2425 217 2523 “aegram
238 2456 339 2519 exiiet:
367 2474 464 2534 neque
492 2474 560 2518 curn
588 2455 708 2534 psalmis
732 2455 768 2514 ad
791 2453 972 2533 sepulturam
996 2455 1177 2518 deducantur
1201 2474 1305 2518 eorum
1326 2474 1378 2518 ca-

108 2528 388 2642 fffflffldavera.
438 2555 523 2618 Multi
555 2556 633 2616 enim
664 2553 719 2614 boc
746 2553 803 2614 sibi
830 2552 880 2631 jus
909 2559 1050 2634 usurpant
1081 2574 1134 2635 per
1165 2557 1376 2632 ignorantiam

107 2645 213 2750 {¹¹¹3}
227 2659 260 2699 ¹⁹·
271 2655 407 2716 similiter
422 2660 452 2715 et
467 2655 504 2715 de
520 2654 567 2715 his
585 2654 693 2732 placuit
709 2652 788 2726 lieri,
810 2653 861 2729 qui
878 2671 931 2731 pro
948 2655 1009 2714 suis
1025 2655 1185 2716 sceleribus
1203 2658 1375 2736 puniuntur.

172 2763 177 2770 '
271 2751 457 2832 Quicumque
484 2772 516 2814 oe
543 2751 660 2834 proprii
686 2753 851 2825 voluntate,
880 2757 933 2815 cut
959 2754 989 2813 in
1018 2773 1094 2833 aqua
1121 2755 1290 2832 jactaverit,
1322 2759 1376 2816 aut

270 2854 377 2916 eollrun
403 2855 553 2931 ligaverit,
579 2857 631 2915 aut
658 2852 694 2912 de
722 2852 826 2913 arbore
854 2854 1106 2932 praecipitaverit,
1134 2856 1186 2916 aut
1207 2853 1285 2915 lerro
1306 2872 1376 2933 per-

270 2955 410 3027 cusserit,
431 2956 483 3014 aut
504 2952 622 3014 cuilibet
641 2952 824 3016 voluntariae
844 2970 877 3013 se
899 2954 985 3014 morti
1005 2953 1170 3028 tradiderit,
1192 2954 1276 3015 istius
1292 2951 1376 3017 obla·

269 3053 311 3114 tio
331 3069 387 3112 non
407 3054 575 3131 recipiatur.

679 3331 834 3384 caetwt.
852 3333 965 3387 XXVll.

542 3453 575 3503 m
593 3451 703 3502 laminae
720 3456 892 3502 menstruatae
909 3464 961 3503 non
980 3454 1093 3505 onerant

120 3589 259 3642 Videroeei-
332 3578 472 3642 Mulieres
491 3579 642 3640 menstruo
663 3581 795 3657 ternpore
816 3595 872 3638 non
893 3579 1032 3655 offerant,
1062 3599 1117 3642 nec
1138 3588 1255 3646 saneim
1276 3585 1373 3646 moni-

106 3652 161 3748 {1⁸0⁸L
167 3649 258 3760 22:2¹}
270 3675 348 3754 ales,
368 3696 423 3739 uec
437 3677 527 3741 laicae
535 3695 544 3751 ς
566 3678 591 3738 si
606 3678 869 3759 praesumpserint,
890 3682 951 3740 tres
965 3678 1162 3745 hebdomadas
1175 3683 1349 3763 poeniteant.

105 3766 262 3822 conjugiorum.

666 3959 820 4014 caelvm.
843 3958 970 4016 XXVIII.

283 4083 323 4136 lte
339 4081 392 4134 iltis
408 4080 527 4142 leminis,
551 4092 617 4145 quae
633 4088 694 4133 ante
711 4082 839 4134 mundum
862 4081 1013 4146 sanguinem
1030 4083 1174 4136 Ecclesiam
1191 4085 1301 4148 intrant,
1325 4093 1352 4140 et

618 4181 684 4230 quaa
700 4171 836 4232 nupserint
855 4161 896 4220 his
916 4168 1016 4233 diebus.

116 4307 255 4355 erasarum
327 4293 451 4367 Mulier,
473 4310 548 4370 qnae
569 4294 658 4356 intrat
677 4294 841 4357 Ecclesiam
862 4298 931 4357 ante
949 4297 1091 4359 mundum
1109 4301 1281 4376 sanguinem
1302 4304 1368 4380 post

102 4373 239 4426 “imm
265 4397 398 4474 partum:
425 4392 456 4456 Si
477 4395 643 4456 mamrdum
664 4396 813 4471 genuerit,
834 4397 953 4473 triginta
973 4398 1035 4459 laea
1056 4397 1134 4460 dies:
1162 4401 1189 4462 si
1210 4400 1366 4478 iemiaarn,

264 4494 473 4574 quinquaginta
500 4509 563 4556 aaa.
610 4494 642 4557 st
669 4512 745 4574 quaa
772 4498 873 4560 autern
899 4499 1128 4578 praesumpserit
1153 4502 1221 4562 ante
1247 4503 1367 4582 tempus
