3094 5100
667 348 736 425 121

149 542 311 624 Vesperam
333 543 462 623 exceptis
479 543 582 606 diebus
601 541 701 606 iestis:
723 549 814 624 atque
832 564 987 610 armenon
1006 551 1119 621 sumat,
1141 563 1252 626 equum
1277 555 1416 614 amnena.

148 662 205 705 non
227 643 381 706 ascendat:
408 643 572 705 Ecclesiam
589 662 643 723 per
658 645 787 723 quinque
801 662 892 708 annos
910 646 1103 724 ingrediatur,
1124 646 1252 708 nondum
1263 622 1355 722 ‘'23:51,
1368 675 1416 721 ις,

148 744 220 806 rerd
245 745 456 814 communicet,
486 743 537 804 sed
561 744 637 803 inter
662 745 822 806 audientes.
858 745 933 809 Cum
961 749 1062 810 autem
1090 745 1281 808 duodecimi*
1298 741 1320 782 ⁸·

148 845 218 906 anni
245 863 347 906 cursus
374 844 474 906 finitus
502 845 576 916 erit,
607 845 837 906 communicandi
865 847 892 906 ei
919 846 1035 908 licentia
1062 847 1253 921 concedatur,

149 946 179 1005 et
206 944 354 1021 equitandi
382 943 529 1005 tribuatur
553 943 698 1004 remissio.
737 943 856 1008 Maneat
879 949 978 1008 autem
1003 947 1033 1006 in
1058 947 1178 1024 reliquis
1201 945 1254 1008 ob·

148 1043 363 1107 servationibus
387 1047 448 1106 tres
475 1043 537 1104 dies
562 1062 616 1122 per
642 1043 870 1120 hebdomadam,
898 1049 932 1108 ut
956 1045 1115 1127 periectius
1137 1047 1255 1128 purgari

148 1147 309 1208 mereatur.

537 1402 691 1456 CAPI'l'UL.
714 1404 868 1456 xxxviii.

147 1526 207 1577 ‘ile
224 1523 368 1585 Presbyteri
387 1523 443 1576 sine
460 1535 589 1576 censensu
605 1523 806 1587 Episcoporum.
826 1537 870 1587 per
888 1522 1018 1576 Ecclesiae
1036 1524 1236 1582 constituentur,

530 1611 571 1663 rel
589 1610 622 1662 ab
641 1611 679 1660 eis
697 1611 860 1675 recipiantur.

213 1735 399 1814 Quicumque
420 1734 580 1813 Presbyter
601 1735 763 1798 Ecclesiam
785 1755 837 1814 per
858 1738 985 1816 pretium
1006 1736 1129 1817 adeptus
1149 1736 1251 1810 inerit,
1265 1749 1329 1792 cone
1381 1761 1394 1791 ο

151 1839 269 1898 omnino
298 1838 474 1915 deponatur:
505 1853 597 1913 quum
618 1853 684 1898 eam
706 1839 805 1897 contra
826 1836 1050 1899 Ecclesiasticae
1070 1836 1189 1912 regulae
1210 1837 1254 1896 di·
1266 1811 1419 1909 'idaim-

150 1937 302 2017 sciplinarn
318 1935 428 1999 hebere
443 1937 629 2012 dignoscitur.
657 1935 715 2010 Qui
734 1935 824 1998 alium
844 1934 1051 2014 Presbyterum
1068 1935 1195 2012 legitimi
1216 1935 1253 1998 ad
1265 1932 1325 2027 ἓξὲξ
1347 1926 1417 2028 αξξ

149 2036 314 2098 Ecclesiam
334 2036 501 2096 ordinatum
522 2052 576 2114 per
595 2037 747 2115 pecuniam
770 2036 929 2114 expulerit,
954 2053 1080 2113 eamque
1101 2034 1157 2096 sibi
1178 2039 1253 2098 tote·
1265 2013 1331 2116 theb:
1343 2057 1377 2098 re·
1390 2044 1418 2086 αἱ

150 2137 217 2197 liter
227 2136 445 2209 vendicaverit3
468 2136 544 2213 quod
561 2136 665 2197 vitium
683 2135 740 2196 late
755 2136 894 2198 diffusum
911 2153 1027 2198 summo
1042 2135 1137 2198 studio
1154 2151 1254 2196 emen·
1264 2104 1417 2216 ἓὲἶᾎῖιῗζ

150 2235 278 2297 dandum
299 2239 353 2297 est.
386 2237 519 2313 itemque
540 2233 770 2296 interdicendum
792 2238 837 2297 est
858 2234 977 2298 clericis
997 2237 1061 2297 sive
1081 2235 1195 2308 Laicis,
1217 2234 1284 2296 ne‘·
1302 2223 1354 2266 ³³⁸·

150 2337 217 2413 quis
239 2335 398 2413 quamlibet
416 2334 579 2398 Ecclesiam
600 2333 778 2414 Presbytero
799 2335 870 2398 dare
891 2337 1061 2413 praesumat
1081 2336 1144 2396 sine
1164 2334 1257 2395 licen·

151 2435 195 2497 tia
215 2437 246 2496 et
265 2453 410 2498 consensu
431 2435 478 2497 sui
498 2433 644 2516 Episcopi.

549 2731 707 2785 caerleil.
724 2732 851 2786 XXXIX.

419 2853 488 2917 Quot
504 2851 615 2902 testibus
633 2850 724 2903 Clerici
743 2851 843 2902 devinci
861 2851 980 2906 debcant.

211 2979 371 3059 Presbyter
397 2997 454 3041 non
480 2978 621 3040 adversus
645 2978 841 3058 Episcopum
856 2973 924 3040 vnon
947 2977 1092 3043 Diaconus
1114 2981 1254 3044 adversus
1285 2990 1312 3033 V·
1335 2986 1419 3060 conen:

149 3080 376 3160 Presbyterum,
398 3098 453 3140 non
470 3079 671 3142 subdiaconus
684 3079 825 3141 adversus
841 3079 1017 3153 diaconum,
1041 3099 1096 3141 nou
1112 3082 1254 3161 Acolytus
1266 3047 1420 3150 ἓζξωωιῗῖ

149 3181 292 3244 adversus
313 3178 542 3252 Subdiacunum‚
571 3197 626 3239 non
649 3179 803 3242 Exoroista
828 3179 970 3242 adversus
993 3180 1169 3261 Acciytum,
1197 3166 1420 3280 ηοηξξζῗξῖζζῖξ

150 3281 257 3342 Lector
283 3282 424 3344 adversus
450 3277 651 3351 Exercistam,
680 3297 738 3339 non
762 3277 909 3342 Ostiarins
936 3280 1076 3344 adversus
1099 3282 1420 3352 Lectoremeereeen-

151 3382 201 3442 det
222 3383 435 3444 accusationem
457 3380 595 3458 aliquam.
634 3377 672 3440 Iit
693 3397 749 3439 non
771 3380 1013 3443 condemnabitur
1033 3382 1171 3455 Praesui,
1200 3346 1420 3446 nisippcrfflnepprp

151 3483 181 3542 in
203 3482 322 3558 triginta
343 3480 416 3553 duo,
439 3497 535 3558 neque
553 3497 687 3541 summus
703 3476 878 3556 judicabitur
898 3480 1097 3559 iquoquam,
1118 3481 1255 3558 quoniam
1267 3461 1421 3576 ξῗζῗωῃῖ,

152 3582 294 3660 scriptum
323 3584 385 3654 est,
413 3598 470 3639 non
498 3581 544 3639 est
572 3577 732 3657 discipulus
760 3596 850 3657 super
876 3579 1059 3655 magistrum.
1095 3577 1255 3657 Presbyter
1267 3579 1409 3682 iffssrfieel

152 3683 252 3742 antem
280 3681 309 3740 in
337 3680 455 3742 cardine
485 3680 679 3751 constitutus,
709 3679 764 3741 nisi
794 3680 823 3738 in
853 3680 1043 3756 quadraginta
1073 3682 1102 3740 et
1130 3642 1422 3757 quatuorrd'rfiiinci‘

151 3780 276 3841 testibus
298 3778 491 3843 damnabitur.
529 3776 745 3852 Subdiaoonus,
766 3778 924 3858 Acolytus,
944 3779 1112 3854 Exorcista,
1133 3779 1256 3854 Lector,
1268 3757 1421 3872 ζξῑῑζῗιξ

153 3877 315 3952 Ostiarius,
342 3881 398 3940 nisi
420 3879 496 3940 sicut
520 3879 662 3958 scriptum
688 3884 749 3952 est,
778 3879 807 3938 in
828 3883 942 3960 septem
965 3879 1090 3942 testibus
1111 3898 1168 3942 non
1189 3897 1257 3942 con·
1271 3877 1390 3932 [ΜΠ-

152 3979 348 4041 damnabitur.
384 3978 489 4042 Testes
514 3982 616 4043 autem
639 3981 702 4041 siue
726 3978 822 4057 aliqua
846 3981 904 4042 sint
927 3979 1065 4056 iniamia,
1093 3997 1201 4044 uxeres
1227 3983 1258 4041 et

153 4079 229 4142 iiiios
249 4079 408 4153 habentes,
429 4083 460 4140 el
480 4081 598 4142 omnino
620 4078 770 4143 Christum
791 4080 1003 4159 praedicantes.
