3094 5100
767 268 838 342 ino

747 487 850 558 XXV.

312 661 342 724 Si
364 663 431 738 quis
452 665 616 723 creaturam
638 660 809 740 perdiderit,
831 658 887 720 hoc
908 659 953 719 est
974 659 1059 730 thus,
1080 657 1195 720 tabulas
1218 659 1264 720 vel
1286 677 1356 720 sce-

250 760 346 824 dulam
378 780 462 824 snam
493 765 545 822 aut
577 761 669 825 salem
699 760 882 822 benedictum
914 778 967 821 sen
999 778 1137 840 saponem
1166 777 1272 822 novam
1303 759 1354 822 vel

250 861 359 941 aliquid
380 861 467 938 hujus
488 860 602 934 simile,
627 860 678 921 Vll
699 861 760 922 dies
782 864 919 939 peniteat.

712 1129 830 1210 xxvi.
856 1119 893 1204 ⁹⁶)

313 1319 397 1380 Nune
424 1323 532 1380 antem.
552 1318 685 1398 capitalia
707 1321 833 1388 ,erimina
863 1319 1023 1384 secuudum
1045 1336 1171 1379 canones
1192 1315 1318 1395 explicai

250 1421 348 1484 Prima
370 1405 520 1497 snperbia,
543 1420 665 1489 invidia,
687 1417 851 1490 fornicatio,
875 1421 967 1480 inanis
989 1419 1095 1494 gloria,
1119 1421 1160 1477 ira
1183 1418 1307 1493 longinqi

250 1520 368 1579 tristitia
390 1515 477 1593 hujus
499 1518 606 1588 seculi,
635 1519 770 1590 avaritia,
797 1521 907 1580 ventris
930 1519 1079 1596 ingluvies.
1114 1519 1151 1578 Et
1172 1517 1305 1594 Augusiir

251 1617 355 1696 adjecit
377 1618 577 1693 sacrilegium,
604 1617 631 1676 id
653 1621 698 1676 est
720 1636 868 1680 sacrarum
890 1637 990 1678 rerum
1013 1618 1141 1690 lurtum,
1165 1621 1194 1677 et
1215 1618 1298 1694 hocr

251 1720 363 1778 ximum
386 1720 431 1776 est
453 1716 581 1787 lurtum,
607 1717 654 1780 vel
676 1717 837 1778 idolothitis
858 1720 1048 1788 servientem,
1077 1720 1105 1778 id
1127 1723 1187 1790 est,
1215 1736 1297 1796 auspi
1314 1772 1327 1785 ,

251 1817 430 1894 etreliqua.
480 1816 591 1878 Deinde
618 1817 947 1887 adulterium,.lalsnm
975 1819 1190 1892 testimonium,
1223 1817 1287 1878 furti
1375 1814 1384 1824 “

252 1919 371 1995 rapina,
394 1916 520 1976 ebrietas
540 1917 673 2002 assidua,
695 1917 827 1977 maledici
841 1903 966 1996 perjuri.

315 2015 373 2075 lsta
402 2033 470 2093 ergo
496 2003 617 2075 erimina
643 2005 763 2078 sanctus
782 2017 890 2078 Paulus
912 2022 941 2077 et
964 2021 1082 2079 sanctus
1104 2019 1275 2093 Augustinu-

251 2114 299 2174 alii
323 2114 414 2176 sancti
435 2120 533 2193 patres
555 2118 785 2194 conputanernnt
806 2135 856 2185 aas
877 2136 943 2177 esse
964 2119 1102 2194 copitalia
1124 2117 1247 2177 mssmina

248 2223 366 2293 peecata
381 2207 428 2292 ⁹⁷).
464 2213 521 2272 Pro
543 2214 607 2273 istis
630 2232 700 2275 vero
721 2213 784 2304 liepi
806 2218 920 2293 oportet
941 2215 1035 2292 largas
1057 2215 1240 2291 elemosynas
1262 2232 1306 2264 ³-

249 2312 365 2390 junium
391 2312 475 2386 longo
500 2315 641 2390 tempore.
680 2313 736 2372 Alii
763 2331 833 2373 vero
857 2312 1061 2388 judicaverunt
1089 2331 1141 2393 pro
1167 2315 1231 2374 istis

252 2411 338 2471 uibus
357 2411 528 2489 capitalibus
544 2413 668 2490 qualiter
682 2410 720 2484 ⁹⁸)
738 2413 862 2489 quisque
877 2415 926 2488 qui
944 2412 1134 2485 adulterium,
1156 2413 1270 2493 homin·
1306 2419 1385 2461 ¹⁴-
1481 2483 1504 2501 ,Ι

251 2510 411 2591 perjurium
433 2513 463 2569 et
483 2510 539 2572 alia
561 2527 648 2588 snpra
670 2511 746 2571 dicta
768 2511 872 2588 aliquis
893 2511 1001 2588 aliquid
1024 2532 1058 2572 ex
1081 2511 1127 2572 his
1148 2517 1244 2591 perpet
1268 2503 1299 2518 “

252 2610 496 2688 quemadmodum
520 2609 555 2668 de
576 2609 622 2668 his
645 2612 774 2689 penitere
797 2610 955 2672 debuisset.
999 2611 1037 2671 Ut
1058 2611 1148 2672 laicus
1170 2629 1222 2689 pro
1243 2609 1277 2695 .'
1324 2635 1415 2672 x.
1463 2606 1507 2623 ““
1544 2625 1546 2634 ⁴

252 2726 343 2788 annos
364 2710 509 2786 peniteat,
531 2709 655 2769 clericus
675 2728 747 2771 vero
768 2709 810 2782 V,
834 2707 1025 2770 subdiaconus
1047 2709 1104 2782 Vl,
1126 2711 1233 2772 diacon
1265 2721 1301 2746 ''-
1357 2762 1394 2785 ..,

252 2806 406 2886 presbyter
436 2807 482 2880 X,
514 2809 668 2885 episcopus
698 2806 772 2881 llll,
806 2809 831 2867 si
860 2808 888 2866 in
920 2809 1129 2870 consuetudine
1157 2810 1213 2869 erit
1226 2887 1240 2899 ἱ
1281 2828 1300 2847 ··
1343 2869 1396 2890 .-
1490 2836 1499 2845 -
1545 2825 1546 2832 ¹

252 2909 416 2985 peceatum.

638 3310 676 3360 iis
693 3309 837 3360 minoribus
855 3309 974 3372 peccatis.

316 3469 400 3532 Haec
421 3470 534 3531 minora
555 3471 692 3549 peccata,
715 3468 742 3528 id
764 3470 810 3528 est
831 3467 956 3540 lurtum,
979 3469 1083 3531 falsum
1105 3473 1194 3532 testiu
1295 3459 1335 3508 ἕ
1378 3493 1449 3560 „q

253 3569 299 3631 bis
325 3570 430 3631 similia
460 3570 526 3630 laici
555 3569 568 3630 l
593 3586 702 3630 anuum
724 3569 887 3647 peniteant,
916 3568 1012 3630 clerici
1037 3569 1079 3641 ll,
1107 3570 1209 3652 subdi,
1479 3562 1510 3580 ““

253 3669 365 3730 diaconi
387 3668 443 3743 lV,
464 3668 628 3746 presbyteri
650 3666 694 3739 V,
716 3669 843 3745 episcopi
866 3666 931 3727 Vll.
968 3668 1011 3728 De
1033 3667 1174 3730 ebrietate
1188 3718 1196 3731 .
1210 3615 1328 3780 xm
1362 3695 1427 3764 pap³

255 3766 378 3828 dictione
399 3787 434 3829 ac
455 3768 634 3830 detractione
654 3783 744 3828 causa
765 3765 889 3826 invidiae
914 3766 960 3826 vel
982 3767 1029 3827 liis
1050 3750 1261 3880 Similibssffif
1283 3766 1415 3866 ¹¹12me

254 3865 316 3926 dies
343 3866 388 3927 sel
416 3866 478 3940 IV,
504 3866 602 3928 cleriei
624 3864 680 3928 Vll
708 3866 771 3928 sive
795 3863 883 3938 XIV,
912 3863 1080 3928 subdiaconi
1102 3867 1174 3928 xiv
1235 3847 1245 3888 ¹
1272 3867 1403 3968 ‘lecim‘
1530 3883 1537 3908 ⁸

1178 3919 1191 3958 Ξ
1204 3923 1266 4005 tiepp'

254 3963 367 4026 diaconi
398 3965 572 4030 ebdomadas
605 3964 646 4026 lll
678 3968 731 4024 aut
760 3961 819 4037 lV,
855 3963 1009 4042 presbyter
1036 3966 1174 4028 ebdomad
1265 3971 1323 4036 vu,
1345 3941 1505 4082 ⁰⁸:¹¹¹!

307 4271 353 4333 96)
371 4270 434 4324 cod.
454 4270 505 4322 iiii
525 4269 597 4322 addit
614 4267 869 4332 superscriptionem:
895 4267 927 4320 de
946 4267 1097 4322 criminibus
1115 4273 1177 4334 cap·
1189 4285 1203 4338 p
1215 4317 1245 4366 ‚q
1268 4337 1304 4376 ,ν

307 4358 353 4420 97)
371 4357 433 4410 cod
452 4355 503 4407 iiii
522 4354 640 4420 capitalia
657 4361 769 4418 peecata,
1156 4362 1185 4423 ³1
1285 4386 1296 4398 .
1323 4386 1388 4426 ,κ

308 4444 354 4508 08)
371 4442 435 4495 (iod.
453 4442 504 4495 iiii
522 4442 550 4494 ld
568 4448 608 4492 cat
624 4439 741 4506 qualiim.
1152 4454 1169 4498 ρ
1179 4465 1258 4564 ”kq
1378 4423 1449 4470 ’ἦ
1461 4468 1515 4488 .,,
1540 4503 1541 4516 ¹

1281 4556 1346 4602 's
