3108 5098
706 339 757 421 et

176 543 265 612 mut,
285 543 318 604 et
335 539 357 602 l.
376 543 534 620 postqum
553 539 782 609 communicari,
804 541 835 600 et
854 540 884 600 in
903 538 1016 600 emus
1032 557 1132 616 mque
1147 539 1187 602 sel
1203 545 1283 604 oete·

178 641 249 711 hes3
270 640 337 700 inde
357 642 397 702 eit
415 638 586 716 Apostolus:
623 638 744 700 «Nolite
762 636 899 705 insumis
917 640 1059 710 invicem,
1081 641 1193 702 nisiex
1213 659 1283 702 ecs·

179 758 287 812 sensu,
309 743 342 800 ut
359 742 471 802 necetis
487 739 608 799 orationi
628 738 664 798 ed
685 741 831 817 tempus».
876 742 904 808 s.
923 740 952 800 2.
973 738 1080 800 Mulier
1098 739 1150 800 ΙΙΙ.
1167 759 1283 804 menses

180 841 325 905 abstineat
346 857 378 900 se
396 858 414 900 u
433 841 497 902 viro
520 839 588 898 ente
610 842 745 916 partum,
775 837 890 915 quando
910 841 1051 920 concipit;
1079 843 1109 900 et
1129 846 1195 920 post
1215 859 1284 920 pnr-

180 947 263 1012 tum,
287 940 352 1000 XL.
372 939 475 1000 diebus
495 942 525 998 et
547 937 694 1012 noctibus,
724 941 786 1001 sive
805 941 968 1002 masculum
990 942 1053 1002 sive
1073 939 1213 1000 leminsm
1233 958 1285 1017 ge-

179 1041 297 1111 mreritp
327 1043 359 1099 et
384 1043 455 1100 tunc
483 1055 551 1100 cum
581 1038 690 1100 lumine
713 1041 745 1098 et
768 1038 914 1100 oblatione
941 1042 1028 1100 intret
1056 1041 1229 1104 eccclesiam
1248 1035 1283 1120 ¹).

179 1137 240 1212 Qui
262 1141 361 1200 cutem
383 1140 516 1217 nupserit
536 1137 582 1198 hir
604 1137 725 1210 diebus,
753 1138 817 1198 XL
836 1139 898 1200 dies
919 1141 1076 1219 poenitent.
1119 1143 1149 1210 s.
1170 1141 1198 1200 3.
1225 1137 1285 1213 Qui

180 1244 283 1304 amon
301 1242 330 1298 iu
353 1237 450 1302 ΧΨ.
471 1243 539 1300 ente
557 1237 671 1301 Pascha
692 1240 839 1313 cognoscit
861 1239 1016 1300 mulierem
1036 1257 1138 1312 suem,
1171 1244 1202 1299 et
1227 1254 1285 1300 non

181 1339 246 1402 vult
263 1339 427 1410 abstinere,
443 1338 472 1399 .1.
491 1357 599 1401 annum
619 1341 779 1418 poenitent,
801 1339 848 1401 vel
867 1357 955 1399 suurn
974 1342 1105 1418 precium
1124 1339 1228 1400 redon
1247 1341 1284 1403 ud

180 1439 347 1504 centesies.
370 1439 417 1502 vel
439 1439 617 1518 pauperibus
639 1439 756 1508 diuidet,
779 1439 824 1500 vel
848 1437 962 1500 XXVI.
985 1441 1091 1502 solidus
1112 1441 1224 1502 reddet.
1253 1439 1285 1502 Si

182 1555 236 1618 per
263 1539 436 1601 ebrietatem
465 1539 512 1600 vel
541 1539 638 1615 eliqua
666 1557 756 1600 csuse
783 1541 937 1611 acciderit,
968 1541 1031 1600 sine
1058 1541 1284 1613 consuetudine,

183 1638 249 1700 xl.
270 1639 333 1699 dies
354 1641 510 1716 poenitent.
554 1643 582 1710 ς.
603 1639 631 1700 t.
655 1637 712 1712 Qui
734 1657 806 1699 vero
826 1641 855 1700 in
875 1640 973 1702 XL··.
996 1643 1062 1720 post
1082 1641 1285 1715 Pentecosten,

182 1741 235 1800 eut
255 1743 323 1800 erite
344 1739 448 1800 Netule
467 1739 600 1812 Domini,
623 1757 680 1800 non
702 1739 766 1801 vult
786 1758 803 1800 e
824 1758 878 1801 sue
900 1741 1022 1818 conjuge
1042 1739 1197 1813 abstinere,
1219 1741 1285 1802 XL.

182 1837 247 1899 dies
273 1841 429 1918 poeniteat.
471 1840 501 1902 Si
528 1859 600 1902 vero
627 1857 680 1918 per
707 1838 879 1902 ebrietatem
902 1839 1019 1910 iecerit,
1052 1843 1082 1898 et
1104 1857 1159 1899 non
1181 1840 1286 1902 fuitei

180 1939 374 2010 consuetudo,
396 1939 467 2004 XX.
484 1939 547 1999 dies
566 1940 721 2018 poenitent.
743 1942 773 2009 §-
790 1935 818 1998 5.
841 1939 874 1998 Si
893 1941 960 2015 quis
982 1955 1049 1999 curn
1070 1937 1192 2000 muliere
1209 1943 1286 2000 tem·

184 2055 254 2114 pore
274 2041 419 2103 menstrui
447 2040 597 2115 sanguinis
621 2041 769 2117 nupserit,
799 2035 901 2119 XXX.
922 2037 985 2098 dies
1008 2041 1163 2116 poeniteut-
1206 2044 1235 2112 ς.
1255 2039 1286 2100 ὅ.

182 2133 244 2209 Qui
266 2137 417 2200 Dominiee
438 2142 539 2210 nocte,
561 2139 608 2200 uel
631 2139 728 2200 nutele
748 2139 938 2210 Sanctorum,
966 2141 1113 2217 nupserit,
1136 2139 1200 2201 Vll.
1222 2141 1286 2204 dies

184 2237 341 2315 poeniteat.
384 2245 413 2312 ς.
429 2240 458 2298 7.
481 2236 540 2311 Qui
558 2238 624 2299 llll.
639 2240 711 2301 ieris
730 2243 760 2298 et
776 2238 827 2300 Vl.
849 2257 901 2300 seu
923 2238 1044 2301 ssbbrto
1061 2243 1210 2320 nupserit,
1232 2241 1285 2302 lIl.

181 2335 495 2416 suspensores
518 2339 547 2399 8.
580 2338 719 2399 Mulieres
740 2341 891 2398 menstruo
912 2342 1043 2416 ternpore
1065 2357 1121 2402 nou
1144 2342 1288 2404 introeunt

182 2434 355 2498 eccclesiam
379 2456 475 2516 neque
496 2440 728 2510 communicent,
757 2455 810 2498 nec
832 2437 1092 2500 sanctaemoniales
1114 2459 1168 2500 nec
1189 2441 1288 2504 laicus.

182 2533 215 2596 Si
237 2534 473 2620 praesument2),
495 2537 548 2598 lll.
569 2539 633 2598 dies
653 2536 836 2616 poeniteantl
858 2536 1000 2598 Similiter
1021 2541 1188 2616 poeniteant
1210 2559 1287 2617 quee
1346 2583 1348 2585 -

183 2635 294 2698 intrem
314 2637 475 2700 ecclesium
497 2643 566 2700 ente
585 2638 728 2698 mundum
749 2639 920 2712 unguimur
940 2640 1006 2714 post
1023 2641 1157 2717 partum,
1179 2640 1207 2699 id
1231 2642 1286 2712 est,

183 2739 252 2798 ente
276 2737 331 2798 XL
351 2738 414 2799 dies
426 2735 457 2817 ³).
501 2743 531 2810 ς.
551 2737 579 2796 9.
602 2737 634 2797 ln
656 2737 752 2815 primo
773 2734 920 2812 conjugio,
943 2737 1086 2814 presbiter
1107 2738 1193 2798 debet
1214 2741 1286 2799 mis·

180 2853 247 2898 sein
266 2855 373 2912 egere,
393 2841 423 2897 et
443 2837 614 2898 benedicere
636 2835 753 2908 umbos,
776 2837 853 2896 sicut
874 2837 903 2894 in
925 2833 1014 2896 Libro
1035 2839 1286 2898 sacramentorum

181 2938 363 3008 sentinetur,
392 2940 423 2996 et
451 2940 551 3016 postes
577 2935 743 2996 abstineant
764 2951 796 2994 se
818 2934 854 2995 ub
875 2935 1015 2994 aecclesie
1039 2933 1142 2994 XXX.
1163 2933 1286 3008 ‹liebust

182 3035 291 3113 periture
317 3037 462 3111 peractis,
492 3032 695 3112 poenitesw)
725 3033 790 3093 Xl.
813 3034 876 3092 dies
903 3037 934 3092 et
962 3037 1068 3094 uacent
1087 3035 1227 3108 emtioni,
1255 3038 1287 3094 et

181 3136 284 3214 postes
303 3135 520 3194 communicent
540 3151 608 3194 cunr
628 3133 785 3193 oblatione.
828 3137 856 3203 Q
874 3132 921 3193 10.
946 3131 1156 3196 Presbiterium
1179 3135 1208 3196 in
1232 3148 1288 3196 nu·

181 3234 251 3312 ptiis
271 3231 380 3308 bigami
401 3234 542 3313 prendere
562 3251 619 3294 non
638 3234 792 3303 contentis
815 3233 893 3308 quie,
914 3250 982 3292 cum
1004 3235 1181 3310 poenitentis
1203 3232 1287 3310 biga·

181 3349 251 3392 mus
268 3336 373 3408 egeat,
395 3335 461 3410 quis
482 3335 538 3394 erit
558 3333 723 3413 presbiter,
745 3334 811 3408 qui,
834 3336 953 3410 propter
973 3334 1159 3404 convivium,
1179 3331 1288 3395 talibus

184 3431 295 3509 nuptiis
316 3435 407 3511 possit
428 3432 569 3511 praebere
591 3432 787 3494 eoncessum?
830 3435 857 3502 S·
883 3431 931 3491 11.
961 3429 992 3492 Si
1014 3434 1081 3511 quis
1101 3433 1164 3504 vir,
1190 3434 1241 3494 sut
1262 3431 1287 3492 si
1398 3439 1400 3445 '

185 3547 263 3606 quse
292 3532 415 3605 mulier,
448 3531 597 3592 Dominice
623 3532 689 3600 die,
722 3530 769 3592 vel
797 3530 825 3588 in
855 3530 950 3591 nutele
972 3529 1166 3602 Sanctorum,
1196 3545 1288 3610 penes

184 3629 249 3692 Deo
267 3630 411 3700 oiierent,
439 3649 552 3698 necnon
573 3636 606 3693 et
624 3630 921 3700 communicaverint,
947 3647 1004 3689 non
1026 3628 1133 3690 debent
1154 3627 1289 3706 sequenti

182 3732 270 3792 nocte
289 3729 422 3803 nubere3
454 3730 531 3809 quod
553 3732 579 3792 si
599 3729 743 3802 iecerint,
772 3733 803 3789 et
823 3727 922 3794 nolent
943 3745 975 3788 se
997 3727 1166 3800 ubninme,
1195 3730 1288 3788 intua

256 4005 282 4066 l)
300 4004 402 4058 Mulieri
421 4015 524 4066 monus
542 4003 600 4055 lieet
618 4015 662 4066 per
678 4002 768 4054 omnis
785 4008 845 4054 sets
861 4000 1066 4056 communione,
1091 4001 1194 4064 mendo
1213 3999 1290 4051 dehet

185 4102 285 4152 emere.
302 4091 332 4144 Ρ.
349 4090 410 4142 rid.
592 4132 595 4146 .

256 4176 282 4238 ei
301 4177 351 4228 ill.
370 4175 557 4229 enterocelicus
571 4175 695 4236 leiuuent.
714 4175 746 4228 ii.

256 4263 283 4323 n)
302 4263 353 4326 Qui
372 4269 457 4316 nutem
475 4263 590 4325 nupserit
607 4263 649 4316 liis
665 4262 836 4325 temporibus.
862 4262 922 4314 XX.
941 4262 998 4313 dies
1015 4261 1135 4324 peniteat.
1171 4259 1223 4322 Qui
1240 4271 1288 4308 nn·

184 4348 226 4400 hit
242 4349 392 4404 nonenim.
413 4356 482 4411 petet
497 4362 516 4402 s
532 4351 587 4404 Dee
605 4349 790 4410 indeueueiun
809 4355 834 4398 et
851 4350 873 4400 1.
891 4348 931 4398 vel
948 4347 985 4398 ll.
1001 4359 1050 4398 seu
1067 4348 1117 4397 til.
1136 4347 1227 4396 monus
1243 4355 1289 4406 pe·

183 4435 276 4490 neeu.
311 4435 339 4491 si
361 4441 494 4492 mrtem
517 4441 631 4498 tempere
645 4435 737 4490 coierit
753 4447 814 4497 eum
830 4447 873 4492 ee.
899 4434 955 4486 xi.
974 4433 1149 4494 diesleiurt
1180 4433 1211 4483 ri.
1228 4429 1289 4482 edd.

156 4525 161 4534 ¹
258 4519 286 4584 Ᾰ)
305 4521 365 4576 xv·
382 4523 414 4580 t·
471 4559 475 4572 ¹
526 4556 528 4564 ¹
841 4556 844 4566 ¹
1198 4525 1202 4532 ι
