3094 5100
817 346 867 424 92

288 543 516 626 redemptionem
531 546 729 625 captivorum,
749 545 798 606 vel
815 545 992 625 pauperibus
1007 543 1125 608 tribuat.
1157 549 1185 618 s.
1201 547 1231 608 6.
1252 543 1285 606 in
1302 541 1393 607 nuri-

289 661 360 706 cano
382 647 472 706 etiam
495 646 614 718 concilio
638 647 779 724 scriptum
803 648 863 717 est,
889 649 923 706 ut
945 647 1068 707 scenicis
1092 649 1180 723 atque
1204 646 1393 718 istrionibua,

181 820 184 824 Ι
288 745 451 823 ceterisque
473 742 638 822 hujusmodi
660 744 808 824 personis,
830 745 1025 806 reconciliatio
1045 763 1101 804 non
1125 749 1256 822 negetur.

353 977 475 1033 Xlrll·
512 981 558 1030 DE
578 978 809 1032 COMMUNIONE
827 978 1023 1033 JunAEoaUM
1041 979 1110 1032 VEL
1130 979 1331 1034 GENTlLlUM.
1385 1027 1387 1032 ,

351 1083 386 1196 s.v
397 1125 424 1185 1.
447 1123 478 1184 Si
501 1126 567 1201 quia
582 1123 765 1186 Christianus
787 1141 804 1185 a
824 1124 943 1204 pertidia
957 1125 1077 1187 iudaeis
1091 1127 1184 1187 arima
1199 1141 1301 1186 eorum
1317 1126 1395 1186 acci·

289 1226 351 1305 pit,
371 1224 419 1284 r'el
440 1224 529 1284 alium
551 1224 711 1302 quemlibet
726 1223 854 1304 cybum,
877 1226 922 1286 vel
941 1228 1060 1304 potum,
1083 1229 1113 1285 et
1127 1227 1323 1286 communicat
1339 1226 1396 1284 im·
1525 1234 1526 1265 l

289 1322 445 1403 pietatibus
467 1339 586 1396 eorum,
616 1323 681 1384 XL.
703 1325 764 1384 dies
788 1343 856 1385 oum
880 1343 954 1403 pane
976 1326 1005 1383 et
1027 1341 1102 1400 aqua
1126 1325 1293 1403 poeniteat3
1324 1326 1394 1401 quia

289 1424 431 1502 scriptum
456 1427 517 1483 est:
556 1423 692 1486 «Omnia
719 1424 825 1484 munda
854 1424 988 1496 mundis,
1021 1426 1213 1504 coinquinatis
1237 1425 1338 1484 auum
1365 1428 1395 1483 et

289 1523 453 1590 infidelibus
474 1522 544 1582 nihil
567 1527 612 1584 est
630 1525 787 1596 mundum,
809 1524 860 1584 sed
875 1526 969 1584 omnia
987 1528 1055 1585 sunt
1069 1527 1234 1587 communia
1245 1547 1275 1583 a.
1319 1529 1349 1596 §-
1364 1521 1395 1585 2.

289 1623 321 1684 si
347 1625 413 1701 quis
438 1621 621 1684 Christianus
647 1643 715 1684 curn
741 1624 896 1702 gentilibus
925 1624 999 1686 testa
1024 1642 1126 1686 eorum
1151 1625 1313 1698 caelebrat,
1344 1627 1396 1687 ant

290 1724 448 1786 manducat
468 1724 515 1785 vel
537 1724 610 1785 bibit
632 1743 699 1786 cum
722 1726 786 1797 eis,
808 1729 838 1785 at
860 1726 1057 1786 communicet
1076 1724 1270 1802 pravitatibus
1291 1739 1397 1786 eorum

291 1825 342 1901 qui
361 1827 423 1884 sine
440 1823 500 1883 Deo
521 1828 608 1895 sunt,
631 1825 697 1885 XL.
712 1824 774 1884 dies
796 1826 960 1904 poeniteat,
983 1826 1114 1900 exceptis
1134 1824 1245 1902 hirqui
1264 1843 1318 1904 per
1333 1828 1396 1885 aim

289 1925 436 1986 ducuntur
457 1926 485 1983 in
508 1926 723 2004 captivitatem,
745 1929 783 1984 et'
798 1923 871 2001 quod
892 1925 928 1984 ad
949 1924 1019 1986 talia
1043 1924 1219 1985 comedenda
1235 1927 1397 1986 necessitas

290 2024 456 2103 compellit3
492 2025 522 2084 hi
550 2044 638 2097 vero,
671 2027 696 2086 si
722 2024 838 2103 quando
865 2026 976 2085 reversi
1004 2023 1128 2095 luerint,
1160 2041 1277 2084 omnem
1303 2027 1396 2086 ritum

291 2123 442 2199 gentilium
465 2141 604 2184 execrare
626 2123 748 2196 debent,
778 2127 808 2184 et
829 2123 979 2201 poenitere
994 2120 1103 2200 judicio
1124 2123 1298 2201 presbiteri3
1326 2124 1397 2201 quia

290 2222 431 2300 scriptum
454 2226 520 2282 est:
555 2221 645 2282 «Non
668 2224 789 2300 potestis
812 2220 913 2282 bibere
936 2222 1055 2283 calicem
1080 2222 1196 2283 Domini
1220 2227 1251 2284 et
1273 2223 1397 2284 calicem

292 2322 556 2394 daemoniorum»;
578 2323 607 2382 et
629 2319 723 2395 «Que
738 2323 862 2382 societas
876 2321 1006 2382 tenebris
1019 2338 1087 2382 cunr
1105 2318 1221 2388 lucet»
1265 2325 1294 2394 s.
1311 2322 1341 2383 3.
1365 2321 1396 2383 Si

292 2422 359 2496 quis
383 2419 567 2482 Christianus
593 2419 791 2481 Christianum
819 2420 987 2490 hominem,
1020 2423 1156 2498 quamvis
1181 2439 1300 2483 servum
1328 2441 1398 2502 pro-

291 2520 404 2600 prium,
425 2522 454 2580 in
476 2537 566 2582 manu
581 2519 759 2581 Iudaeorum
777 2519 824 2581 vel
843 2519 993 2596 gentilium
1009 2520 1190 2592 vendiderit,
1213 2539 1247 2582 ac
1261 2539 1315 2600 per
1329 2522 1397 2596 hoc,

291 2626 444 2698 separatus
465 2620 502 2680 ab
524 2621 665 2684 aecclesia
687 2619 846 2692 catholica,¹
867 2619 1115 2682 christianitatem
1130 2638 1215 2682 suam
1228 2621 1397 2700 perdiderit,

292 2719 340 2780 ille
361 2737 417 2780 non
440 2724 485 2780 est
505 2721 609 2798 dignus
633 2723 708 2780 iuter
724 2719 901 2782 Christianos
916 2720 1049 2796 requiem
1064 2719 1189 2791 habere,
1211 2719 1303 2781 donec
1318 2721 1399 2782 redi-

268 2823 353 2890 mat
374 2838 452 2883 eum.
494 2819 525 2881 Si
547 2824 722 2880 antem-non
744 2820 870 2899 potnerit
890 2818 1035 2879 redimere
1055 2837 1140 2890 eum,
1162 2822 1293 2898 precium
1317 2822 1397 2898 quod

291 2922 420 2999 accepit,
443 2920 492 2979 det
513 2937 565 2998 pro
587 2938 640 2991 eo,
663 2923 693 2978 et
707 2920 797 2986 alium
812 2919 849 2980 de
863 2920 1006 2980 seruitute
1020 2919 1076 2980 alio
1090 2923 1189 2999 precio
1201 2919 1343 2993 redimat,
1366 2925 1398 2981 et

291 3019 343 3080 llt.
358 3038 449 3082 annos
469 3019 613 3082 abstineat
633 3038 652 3079 a
671 3037 774 3090 carne,
796 3022 827 3078 et
840 3020 927 3090 vino,
948 3020 979 3078 et
1001 3019 1143 3091 medone;
1164 3022 1194 3079 et
1215 3019 1303 3082 terias
1324 3021 1398 3097 legi·

291 3120 398 3191 timae,
420 3121 449 3178 in
470 3136 647 3197 unaquaque
668 3117 842 3189 ebdomade,
862 3117 972 3196 jejunet
991 3118 1028 3180 ad
1047 3136 1170 3192 nonam,
1192 3123 1222 3179 et
1239 3120 1398 3182 manducet

291 3219 328 3279 de
352 3219 430 3280 ricco
451 3217 534 3297 cybo.
577 3217 608 3280 Si
632 3223 730 3281 autem
757 3237 868 3298 pauper
892 3220 954 3289 est,
984 3222 1014 3278 et
1040 3218 1158 3281 forsitan
1181 3211 1323 3298 precium*
1339 3237 1398 3281 uon

290 3317 426 3380 habuerit
447 3319 523 3379 unde
545 3320 673 3397 aliquem
694 3319 836 3391 redimat,
859 3322 956 3380 tamen
979 3318 1015 3378 da
1035 3317 1134 3378 labore
1154 3335 1208 3378 suo
1222 3319 1330 3397 aliquid
1346 3319 1398 3380 det

291 3438 344 3500 pro
358 3437 402 3492 eo,
423 3421 453 3478 et
468 3421 612 3498 poeniteat
629 3417 692 3479 vll.
707 3433 807 3480 annos.
850 3423 879 3490 S.
895 3415 923 3478 t.
945 3417 975 3479 Si
990 3420 1057 3495 quis
1071 3416 1254 3480 Christianus
1269 3419 1397 3480 alterurn

291 3519 487 3583 Christianum
510 3519 655 3591 suaderit,
680 3537 714 3580 ao
735 3521 764 3578 in
785 3519 907 3581 aiteram
931 3520 1080 3595 regionem
1103 3518 1270 3591 seduxerit,
1296 3518 1397 3597 ibique

291 3634 359 3681 eum
381 3618 544 3681 vendiderit
566 3637 619 3697 pro
640 3621 757 3699 proprio
777 3637 879 3690 servo,
902 3617 950 3678 ille
968 3635 1024 3678 oon
1039 3622 1085 3679 est
1099 3619 1203 3694 dignus
1219 3618 1294 3680 inter
1308 3617 1396 3680 Chri·
1438 3645 1442 3654 ·

290 3721 400 3781 atianoa
428 3721 562 3794 requiem
591 3719 718 3790 habere,
757 3719 848 3779 donec
875 3719 1001 3780 redimat
1029 3735 1118 3788 eum,
1150 3721 1180 3777 ei
1208 3717 1330 3780 reducat
1358 3717 1396 3778 ad

291 3820 440 3897 proprium
462 3818 568 3880 locum.
610 3820 641 3880 si
662 3822 762 3881 autem
784 3839 840 3880 non
862 3821 989 3898 potuerit
1002 3818 1149 3878 redimere
1162 3832 1248 3891 eum,
1268 3817 1396 3878 redimat

291 3919 416 3980 aiterum
437 3918 473 3978 de
488 3921 650 3992 semitute,
672 3923 702 3981 et
716 3919 766 3979 det
779 3937 832 3997 pro
847 3937 882 3979 eo
895 3918 1006 3997 aliquid
1021 3917 1057 3978 de
1072 3917 1171 3978 labore
1185 3935 1259 3990 suo,
1281 3921 1311 3977 et
1324 3935 1396 3996 poe·

291 4018 383 4078 niteat
402 4017 440 4078 ll.
456 4034 555 4078 annos.
598 4017 629 4079 Si
654 4021 755 4078 autem
776 4035 887 4098 pauper
907 4019 971 4088 est,
993 4020 1022 4076 et
1044 4035 1100 4078 non
1121 4015 1210 4077 habet
1226 4016 1302 4078 unde
1316 4017 1396 4076 redi·

290 4121 353 4181 mat
373 4136 456 4190 eum,
479 4117 545 4178 vll.
561 4135 651 4179 annos
672 4118 837 4196 poeniteat,
859 4119 889 4176 et
902 4119 966 4176 oret
980 4133 1033 4192 pro
1047 4134 1083 4176 eo
1101 4114 1219 4193 jugiter.
1263 4118 1293 4185 ς.
1308 4113 1338 4175 5.
1361 4113 1395 4177 Si

291 4218 357 4296 quis
370 4215 554 4280 Christianus
576 4217 700 4278 alterum
716 4215 912 4279 Christianum
930 4218 1086 4292 vagantem
1106 4215 1286 4294 reppererit,
1309 4231 1395 4276 eum·

255 4369 257 4382 .
291 4335 350 4396 que
370 4316 483 4380 iuratus
505 4317 613 4388 luerit,
635 4333 670 4376 ac
689 4315 871 4387 vendiderit,
892 4333 949 4376 uon
971 4313 1059 4375 debet
1080 4312 1189 4376 habere
1210 4315 1286 4375 inter
1307 4309 1395 4375 Chri·

290 4419 400 4480 atienos
418 4417 569 4495 requiem,
590 4415 683 4476 donec
700 4415 826 4477 redimat
844 4431 935 4488 eum,
956 4417 987 4474 et
1000 4431 1053 4492 pro
1067 4414 1116 4475 illo
1127 4413 1207 4476 iurto
1221 4411 1286 4474 Vll.
1301 4429 1393 4476 annos

290 4518 447 4597 poeniteat.
488 4513 522 4577 Si
540 4517 642 4576 autem
662 4531 718 4576 non
740 4514 868 4594 potuerit
887 4513 1034 4576 radiarera
1053 4529 1141 4588 earm,
1161 4515 1293 4595 preclua
1312 4513 1393 4592 qaod
