3094 5100
795 351 867 430 156

812 551 857 621 ΙΙ.

477 699 574 750 Deliis
592 699 637 762 qul
656 710 715 748 cum
733 703 815 749 matre
832 699 872 751 vel
890 711 978 750 sorore
997 699 1184 753 fornicaverint.

341 841 374 904 Si
398 841 569 904 adulescens
593 861 722 904 sororem
749 861 833 909 suam
857 837 990 920 duxerit,
1016 845 1042 906 V
1063 862 1155 907 annos
1180 845 1328 924 peniteat,
1356 845 1382 907 si

278 945 420 1017 matrem,
442 943 499 1004 Vll
521 960 627 1015 annos,
648 947 678 1002 et
698 944 838 1020 quamdiu
854 945 977 1017 vixerit,
998 961 1149 1023 nunquam
1169 945 1208 1006 sit
1230 946 1294 1006 sine
1313 963 1384 1006 con-

279 1045 430 1105 tinentia·
457 1042 531 1104 Item
556 1044 605 1121 qui
632 1060 700 1104 cum
726 1046 821 1104 matre
848 1043 1023 1118 tornicatur,
1052 1044 1111 1106 XV
1131 1062 1223 1107 annos
1245 1046 1384 1123 peniteat.

279 1141 311 1203 Si
333 1146 399 1222 quis
421 1161 489 1204 cum
511 1143 569 1205 tilia
591 1145 642 1206 aut
661 1161 760 1204 sorore
779 1142 939 1206 fornicatur
955 1162 1009 1222 per
1026 1147 1260 1207 commixtionem
1277 1144 1385 1218 cunis,

280 1243 317 1306 ab
339 1245 418 1304 omni
439 1261 526 1304 carne
547 1262 580 1305 se
602 1243 747 1303 abstineat
770 1239 801 1301 X
807 1242 830 1303 l'
846 1245 932 1303 ann&
950 1244 1103 1323 penitentie
1118 1241 1167 1325 ⁸⁰).

340 1343 372 1405 Si
393 1347 487 1406 mater
509 1361 577 1404 cum
601 1343 660 1403 filio
688 1361 741 1404 auo
766 1344 888 1421 parvulo
912 1343 1114 1418 fornicaverit,
1145 1345 1186 1406 lll
1213 1362 1305 1406 annos
1332 1341 1385 1404 ab·

281 1445 389 1505 stineat
411 1461 443 1504 se
465 1463 481 1508 a
503 1461 590 1504 carne
611 1448 641 1503 et
662 1443 739 1505 diem
760 1462 852 1505 unum
874 1445 902 1504 in
919 1462 1097 1524 unaquaque
1113 1443 1274 1506 ebdomade
1290 1460 1386 1522 usque

281 1544 317 1604 ad
337 1560 496 1620 vesperum
513 1541 635 1620 jejunet.
1043 1547 1047 1556 '

318 1681 320 1686 -
344 1640 403 1717 Qui
424 1640 513 1705 habet
534 1645 659 1705 matrem
680 1645 731 1704 aot
752 1639 841 1704 [iliam
863 1643 934 1704 duas
956 1661 1071 1704 sorores
1091 1661 1214 1704 uxorem
1238 1644 1329 1723 patris
1355 1645 1386 1703 ot

279 1740 380 1803 fratris
406 1741 545 1822 patruelis
573 1745 623 1804 aut
652 1741 806 1816 avunculi,
836 1744 935 1804 uxoris
962 1746 1081 1823 neptam
1107 1743 1155 1805 vel
1183 1742 1385 1806 consobrinam

279 1845 330 1905 aut
351 1842 380 1901 in
401 1843 517 1921 propria
537 1833 585 1902 ier
608 1842 636 1900 in
657 1832 785 1904 secunda
804 1843 990 1917 generatione
1011 1841 1057 1903 vel
1079 1843 1107 1901 in
1129 1843 1221 1903 tercia
1242 1839 1386 1920 conjuncti

279 1945 363 2015 sunt,
385 1942 449 2002 istis
469 1940 606 2003 volumus
624 1938 771 2019 judicare,
793 1943 826 2001 ut
847 1945 1034 2018 separentur,
1056 1943 1086 2000 et
1104 1943 1223 2020 propter
1241 1940 1386 2003 novellam

282 2040 490 2119 plantationem
515 2043 546 2099 et
569 2039 779 2103 humanitatem
804 2038 961 2117 ecclesiae,
987 2041 1020 2101 ut
1041 2038 1099 2101 Vll
1122 2040 1205 2100 annis
1227 2043 1313 2118 agant
1333 2057 1387 2120 pc·

282 2141 448 2211 nitentium,
470 2143 530 2199 tres
552 2139 662 2216 primos
683 2155 774 2200 annos
794 2141 856 2198 tres
876 2137 939 2198 dies
960 2139 990 2198 in
1011 2136 1186 2212 ebdomada,
1208 2139 1335 2202 secunda
1356 2141 1387 2198 et

282 2238 325 2298 lV
353 2241 383 2299 et
412 2237 452 2300 Vl
484 2236 606 2311 teriam,
641 2238 796 2316 lepitimom
825 2238 1074 2316 quadrupeeimom
1093 2237 1132 2320 ⁶¹)
1163 2241 1232 2302 ante
1259 2237 1385 2318 pascha,

280 2338 344 2398 XX
375 2340 477 2398 noctes
507 2341 575 2400 ante
606 2338 728 2398 missam
757 2338 848 2398 sancti
874 2336 1030 2410 Johaunis,
1058 2341 1127 2402 aute
1154 2339 1250 2401 natale
1276 2339 1386 2400 domini

283 2438 436 2512 similiter,
479 2440 605 2516 quatuor
634 2456 705 2499 vero
735 2437 863 2514 reliquos
892 2455 990 2498 annos·
1012 2437 1056 2499 lv
1086 2441 1117 2498 et
1146 2438 1188 2499 Vl
1221 2438 1325 2500 leriam
1356 2442 1386 2499 et

281 2537 353 2601 XlV
380 2541 481 2600 noctes
505 2541 572 2601 ante
594 2538 715 2599 missam
738 2539 831 2598 sancti
851 2531 991 2598 Iohannis
1018 2541 1048 2598 et
1075 2537 1111 2598 ad
1137 2537 1233 2601 natale
1259 2538 1384 2612 domini,

280 2641 307 2701 si
328 2643 428 2701 autem
450 2657 485 2700 se
506 2639 652 2700 redimere
675 2637 756 2709 vult,
782 2640 886 2717 potens
912 2655 964 2717 pro
988 2655 1046 2698 uno
1070 2636 1133 2711 die,
1158 2637 1246 2699 donet
1269 2637 1385 2700 valente

280 2738 398 2802 denario
433 2757 492 2802 uno
531 2739 560 2799 in
595 2737 790 2816 qualicunque
823 2755 856 2798 re
893 2739 921 2796 ei
956 2737 1118 2817 placuerit,
1167 2755 1279 2818 pauper
1313 2755 1384 2814 agero

279 2839 478 2903 medietatem.

341 2939 453 3002 Tamen
474 2939 571 3000 omnia
594 2937 670 2999 haec
694 2938 723 2999 in
748 2936 868 2998 arbitrio
891 2936 1078 2998 discrecionis
1103 2937 1263 3000 sacerdotis
1289 2939 1384 3000 consi-

280 3041 376 3111 stant,
402 3035 486 3115 juxta
511 3039 639 3101 aetatem
666 3041 695 3098 et
721 3037 890 3114 qualitatem
917 3040 950 3106 et¹
975 3038 1131 3100 sanitatem
1153 3038 1383 3126 uniuscujusque

280 3155 413 3219 persone.

800 3313 861 3382 111.

632 3461 671 3512 oe
688 3459 863 3514 sordidatione
880 3471 1025 3525 puerorum.

341 3607 428 3670 Pueri
452 3624 485 3668 se
509 3604 644 3669 manibus
668 3606 796 3668 invicem
817 3605 1036 3684 coinquinantes
1058 3606 1114 3668 XL
1135 3607 1196 3668 dies
1217 3611 1381 3687 peniteant,

279 3705 404 3786 majores
429 3723 500 3767 vero
528 3705 550 3768 C
576 3703 694 3778 diebus3
720 3707 803 3785 pueri
828 3723 893 3766 sese
917 3707 993 3766 inter
1017 3706 1127 3769 femora
1152 3708 1335 3771 sordidantes
1357 3708 1380 3771 G

280 3807 357 3882 dies,
384 3805 509 3885 majores
529 3809 592 3867 tres
616 3805 854 3884 quadragesimas
880 3809 911 3866 ot
934 3806 1079 3884 legitimas
1104 3807 1201 3870 terias.
1235 3809 1381 3874 Parvulos

278 3928 296 3970 a
318 3909 427 3986 majore
440 3903 478 3989 ⁶²)
501 3923 660 3985 oppressus
686 3904 875 3969 ebdomadam
900 3908 1045 3986 peniteat,
1073 3909 1098 3969 si
1120 3912 1299 3971 consenserit
1318 3909 1380 3972 XX

279 4007 358 4083 dies,
379 4024 453 4086 puer
472 4006 622 4070 voluntate
643 4023 675 4066 se
696 4006 791 4085 ipsum
813 4005 942 4084 polluens
961 4005 1054 4067 XXX
1079 4006 1158 4084 dies,
1174 4008 1292 4088 juvenis
1309 4029 1381 4076 vero

279 4106 336 4171 XL
360 4108 431 4169 dies.

332 4365 377 4430 do)
395 4366 446 4418 XV
464 4376 546 4418 annos
564 4362 688 4427 peniteat,
711 4365 775 4418 cod.
794 4366 854 4418 rm.

333 4454 377 4516 ot)
396 4452 460 4506 cod.
478 4447 529 4503 itti
548 4449 675 4512 legitimae
692 4452 910 4517 quadragesimae.

331 4539 375 4603 dt)
394 4538 457 4591 cod.
476 4537 528 4591 aar
546 4537 643 4600 melma
662 4550 751 4603 puero.
