3094 5100
666 322 735 400 101

144 515 254 580 Iaims
275 517 305 579 in
326 516 467 582 aecclesia
485 517 571 598 juxta
592 519 685 582 altare
704 538 761 582 non
783 521 871 584 debet
891 520 1048 584 lectionem
1068 525 1194 588 recitare
1213 528 1254 590 ad

144 617 286 689 missam,
316 635 371 678 nec
396 620 426 678 in
453 619 567 700 pulpito
592 619 717 684 Alleluia
745 625 881 695 cantare,
913 621 965 682 sed
987 623 1116 701 psalmos
1136 628 1254 690 tanturn

144 720 198 778 aut
224 720 424 796 responsoria,
453 721 519 779 sine
545 719 681 782 Alleluia.
725 724 755 790 S.
779 721 827 782 15.
857 723 945 800 Aqua
971 721 1124 785 benedicta
1150 725 1253 788 domos

144 833 217 878 suns
237 821 413 894 aspergant,
435 819 570 896 quotiens
590 819 753 892 voluerint,
775 823 827 898 qui
847 821 982 884 habitant
1002 825 1031 882 iu
1051 825 1105 884 eis.
1148 829 1178 895 S.
1202 828 1253 888 16.

145 915 186 976 Et
213 917 328 992 quando
356 918 500 997 presbiter
525 922 744 982 consecraverit
772 939 897 999 aquam,
935 924 1063 1000 primum
1091 928 1254 988 orationem

144 1015 235 1076 dicat.
277 1020 307 1088 ς.
330 1017 380 1078 17.
412 1019 516 1079 Nullus
544 1037 672 1096 namque
699 1019 845 1098 presbiter
865 1021 936 1082 nibil
958 1022 1037 1084 aliud
1058 1025 1090 1084 iu
1109 1025 1254 1088 sacrificio

144 1116 267 1185 offerat,
295 1122 413 1196 praeter
439 1119 495 1180 boc
522 1120 599 1196 quod
621 1120 764 1180 Dominus
792 1122 890 1182 docuit
910 1122 1110 1198 offerendum
1142 1126 1254 1199 idest,

145 1233 254 1294 panem
275 1217 339 1276 sinc
360 1217 517 1291 termento,
538 1223 569 1278 et
588 1220 691 1282 riulan
712 1238 780 1280 cum
801 1239 880 1299 aqua
899 1224 1043 1297 mixtum
1063 1225 1190 1303 quiade
1210 1226 1256 1290 lr-

148 1320 213 1375 tere
235 1316 352 1376 Domini
373 1320 493 1396 sangnis
514 1322 544 1378 et
565 1337 642 1398 aqua
662 1320 762 1382 exivit.
805 1326 834 1394 ς.
857 1321 908 1384 18.
934 1323 1009 1386 Cum
1031 1325 1068 1386 ad
1088 1324 1257 1386 caelebran-

145 1415 199 1476 das
220 1418 328 1478 missas
349 1420 379 1476 iu
400 1418 455 1478 Dei
475 1421 591 1480 nomine
612 1422 766 1493 convenit,
794 1421 919 1500 populus
940 1441 996 1482 non
1018 1428 1105 1486 antea
1125 1424 1257 1488 dbccdat

145 1515 184 1576 ab
206 1516 347 1578 aecclesia
369 1535 459 1595 quam
479 1520 571 1580 missa
591 1518 720 1591 liniatur,
741 1524 772 1580 et
791 1521 930 1582 diaconus
951 1522 1037 1582 dicit:
1060 1525 1141 1596 «lte,
1162 1526 1256 1588 missa

145 1620 230 1678 cst».
274 1619 302 1686 ς
319 1614 370 1676 19.
390 1615 423 1676 Si
444 1617 510 1694 quis
531 1618 703 1697 aepiscopus
724 1623 775 1680 aut
795 1619 941 1699 presbiter
959 1621 1043 1698 juxta
1063 1627 1256 1702 praeceptum

145 1715 264 1778 Domini
293 1734 350 1776 non
378 1715 589 1796 baptizaverit,
618 1718 733 1790 idest,
762 1721 792 1778 in
821 1723 938 1783 nomine
959 1719 1054 1782 Patris
1081 1725 1112 1781 et
1133 1721 1198 1784 Filii
1225 1726 1257 1784 et

145 1814 274 1896 Spiritus
297 1811 413 1888 Sancti,
433 1817 486 1877 sed
507 1817 536 1875 in
557 1815 652 1876 tribus
671 1819 736 1876 sine
758 1819 840 1878 initio
861 1819 1057 1898 principibus,
1079 1824 1131 1882 aut
1151 1821 1181 1880 in
1202 1823 1257 1881 tri-

147 1915 205 1976 bus
231 1914 317 1986 liliis,
345 1918 397 1976 aut
424 1915 453 1974 in
475 1913 571 1975 tribus
592 1915 757 1993 paraclitis,
785 1916 956 1996 deponatur.
999 1923 1029 1989 5.
1050 1919 1103 1979 20.
1130 1918 1206 1980 ltem
1228 1922 1255 1981 si

146 2018 214 2094 quis
240 2015 414 2093 aepiscopus
442 2017 494 2076 ant
520 2013 666 2092 presbiter
690 2033 748 2074 non
777 2018 886 2076 trinam
915 2020 1090 2080 mersionem
1112 2020 1141 2078 in
1161 2017 1257 2100 bapti-

147 2132 214 2176 smo
241 2112 385 2186 celebret,
419 2113 471 2174 sed
498 2114 591 2173 semel
617 2117 748 2190 mergat,
779 2116 856 2194 qnod
878 2116 949 2177 dare
970 2117 1087 2179 ridetur
1109 2103 1139 2178 in
1160 2123 1257 2180 morte

146 2211 279 2285 Domini,
307 2211 487 2290 deponatur;
515 2229 572 2271 noo
599 2213 678 2272 enim
706 2212 779 2274 dixit
805 2214 889 2276 nobis
910 2215 1072 2278 Dominus:
1104 2219 1138 2278 lu
1159 2223 1255 2280 morte

145 2331 214 2374 mer
233 2311 398 2390 baptizate,
420 2310 491 2383 sed,
513 2310 600 2384 «lte,
621 2311 723 2372 docete
743 2330 846 2373 omnes
867 2318 980 2390 gentes,
1001 2315 1184 2395 baptizantes
1204 2335 1256 2380 cos

146 2413 176 2473 in
203 2412 321 2474 nomine
343 2410 439 2472 Putris
466 2413 496 2470 et
522 2409 591 2472 Filii
618 2416 649 2470 et
676 2409 804 2491 Spiritus
832 2411 969 2476 Sancti.»
1013 2420 1033 2486 ς
1070 2417 1122 2476 21.
1148 2417 1257 2478 Mulier

144 2511 295 2592 baptizare
315 2529 372 2572 non
394 2513 572 2590 praesumat,
593 2512 649 2571 nisi
664 2517 785 2589 cogente
800 2515 975 2576 necessitate
990 2517 1127 2577 maxima.
1157 2522 1186 2588 s.
1202 2518 1255 2596 22,

146 2613 180 2676 u
207 2616 415 2683 catecumeno,
446 2614 477 2670 et
504 2609 697 2689 baptismate,
729 2616 760 2671 et
788 2611 1020 2686 confirmatione,
1052 2633 1129 2676 unus
1158 2621 1256 2696 potest

146 2731 215 2790 csse
237 2715 331 2790 pater,
353 2712 378 2772 si
399 2729 520 2772 necesse
541 2715 596 2771 est.
640 2715 668 2781 ς
688 2711 741 2772 23.
764 2713 867 2772 Virum
889 2715 988 2775 autem
1009 2713 1077 2774 licet
1097 2714 1256 2778 laemiuam

145 2814 298 2892 suscipere
324 2813 354 2872 in
375 2811 537 2891 baptismo,
567 2810 702 2872 similiter
723 2815 753 2870 et
773 2809 929 2873 faeminam
951 2811 1021 2873 licet
1040 2815 1139 2874 vinnm
1161 2817 1256 2876 susci-

145 2929 227 2992 pere.
270 2916 300 2984 ς.
320 2908 371 2973 21.
400 2911 464 2972 Non
491 2911 560 2971 licet
580 2910 735 2991 baptizatis
755 2911 932 2972 manducare
954 2930 1021 2972 cum
1043 2915 1255 2988 catecumenis,

145 3028 242 3090 neque
269 3011 401 3072 osculnm
423 3011 467 3072 eis
487 3011 569 3072 dare.
612 3013 642 3081 §-
664 3009 715 3071 25.
744 3010 873 3070 Necesse
894 3015 940 3072 est
960 3029 1030 3087 ergo
1050 3011 1135 3074 robis
1156 3031 1256 3076 sacer-

144 3111 280 3183 dotibus,
307 3111 414 3172 tratres
436 3111 600 3183 karissimi,
627 3110 765 3173 sollicitos
786 3128 852 3171 esse
872 3129 925 3190 pro
946 3110 1156 3190 peccantibus3
1183 3114 1254 3190 quia

144 3230 250 3273 armus
271 3212 448 3274 alterutrum
467 3209 620 3285 membra,
643 3215 674 3270 et
688 3213 713 3272 si
735 3210 805 3287 quid
828 3213 940 3288 patitur
959 3230 1052 3272 uuum
1073 3211 1253 3285 membrum,

145 3315 363 3391 compatiuntur
381 3313 480 3372 omnia
501 3309 644 3373 membra.
671 3310 798 3388 ideoque
819 3312 844 3370 si
865 3309 974 3371 videris
993 3311 1121 3388 aliquem
1139 3313 1168 3370 in
1185 3330 1255 3392 pec-

145 3414 220 3476 catis
236 3411 393 3490 jacentem,
414 3411 520 3472 lestina
541 3427 610 3471 eum
631 3411 667 3471 ad
689 3411 894 3489 poeniteutiam
916 3428 970 3489 per
991 3415 1074 3470 tuam
1091 3411 1254 3470 doctrinam

146 3530 273 3586 vocare3
304 3514 335 3572 et
362 3512 625 3589 quotienscumque
653 3509 769 3572 dederis
799 3506 953 3568 consilium
981 3511 1135 3586 peccanti,
1164 3509 1253 3570 simul

146 3631 265 3690 qnoque
286 3613 324 3673 da
344 3611 386 3672 illi
407 3612 615 3690 poenitentiam
635 3612 752 3682 statim,
774 3611 918 3688 quantum
937 3607 1042 3668 debeat
1057 3606 1201 3686 jejunare,
1223 3611 1254 3668 et

147 3711 294 3772 redimere
314 3715 434 3790 peccata
455 3729 526 3781 sua3
554 3728 591 3769 ne
611 3709 687 3769 torte
706 3709 888 3772 obliviscaris
909 3712 1051 3784 quantum
1076 3725 1146 3768 eum
1167 3725 1254 3786 opor-

147 3815 208 3872 teat
234 3829 288 3891 pro
315 3811 378 3872 suis
406 3812 534 3889 peccatis
558 3808 706 3888 jejunare,
735 3807 848 3883 tibique
875 3825 998 3868 neccsse
1024 3809 1064 3868 sit
1090 3809 1253 3868 utiterum

146 3913 286 3988 exquiras
314 3909 351 3972 ab
372 3928 409 3970 eo
429 3915 566 3988 peccatu
596 3909 661 3983 ille,
691 3911 718 3970 si
737 3907 858 3968 forsitan
880 3907 1036 3968 erubescet
1056 3909 1164 3968 iterum
1185 3926 1255 3988 pec-

146 4015 214 4074 cata
240 4029 294 4074 sua
321 4009 467 4083 confiteri,
495 4010 662 4070 invenietur
688 4008 814 4087 amplius
831 4005 893 4085 jam
910 4007 1045 4086 judicari.
1088 4007 1151 4066 Non
1174 4009 1253 4067 eninr

146 4129 251 4172 omnes
279 4111 379 4172 clerici
407 4110 482 4173 banc
508 4111 684 4188 scripturam
710 4127 854 4188 usurpare
882 4111 934 4171 aut
954 4107 1053 4184 legere
1074 4106 1181 4168 debent
1201 4108 1253 4186 qui

147 4213 301 4272 inveniunt
322 4229 407 4284 eam,
436 4212 491 4271 nisi
513 4210 566 4270 soli
588 4209 629 4269 illi
651 4207 758 4287 quibus
778 4227 900 4270 necesse
921 4212 987 4280 est,
1015 4207 1071 4268 boc
1092 4211 1156 4279 est,
1185 4225 1254 4285 prc-

147 4311 260 4373 rbiteri.
300 4311 480 4372 sicutenim
501 4309 679 4371 samilmium
702 4309 809 4368 otlerre
830 4326 887 4368 non
906 4307 1014 4367 debent
1035 4308 1092 4368 uisi
1107 4309 1253 4385 aepiscopi

147 4416 178 4474 et
198 4409 373 4492 presbiteri,
394 4409 502 4490 quibus
521 4407 622 4471 clares
641 4411 726 4485 regni
745 4407 881 4468 molestis
899 4407 1025 4466 traditae
1047 4408 1133 4478 sunt,
1154 4406 1253 4466 sium
