3094 5100
752 321 826 402 174

239 521 380 582 flectendo
401 523 451 582 aut
473 522 536 582 sine
556 539 650 597 genua
673 519 815 581 flectendo
836 519 924 581 LXX
949 518 1077 600 psalmos
1099 519 1126 578 in
1149 518 1273 578 ecclesia
1294 516 1343 578 vel

239 623 269 681 ln
290 641 348 682 uno
369 622 431 682 loco
453 639 506 700 per
526 621 658 681 ordinem
681 619 785 697 psallat
804 623 833 679 et
852 637 905 698 pro
923 637 981 679 uno
999 618 1046 678 die
1062 619 1160 680 valent
1181 616 1228 677 CC
1251 636 1344 694 genu-

176 752 178 758 ·
239 721 333 782 llerus
356 721 404 784 vel
428 739 503 786 unus
527 720 664 781 denarius
688 720 765 779 valet
790 738 844 798 pro
865 721 877 779 l
899 719 946 780 die
967 722 996 778 et
1018 716 1058 779 lll
1083 717 1268 796 elemosynas
1290 719 1344 777 tri-

239 821 295 883 bus
316 820 491 900 pauperibus
517 839 570 899 pro
596 820 608 881 I
631 818 678 879 die
700 819 807 879 valent.
850 815 977 891 Quidam
1003 817 1103 878 dIcunt
1129 817 1154 878 L
1180 817 1346 895 percussio-

239 922 324 983 nibus
345 923 392 982 vel
412 921 437 982 L
460 921 563 1000 psalmi
584 939 637 998 pro
660 919 673 976 1
695 919 741 978 die
762 920 860 982 valent
882 921 910 978 in
931 922 1090 990 autumno,
1117 920 1146 978 iu
1170 917 1286 989 hieme,
1313 917 1345 975 iu

239 1039 329 1084 verno
344 1021 366 1084 C
382 1023 582 1101 percussiones
600 1020 644 1079 vel
659 1021 782 1098 psalmos
799 1016 849 1101 ¹¹⁹)
868 1019 894 1080 L
911 1021 939 1079 in
958 1023 1050 1081 estate
1064 1019 1236 1098 psalterium
1252 1033 1345 1078 unum

239 1121 286 1185 vel
300 1122 510 1199 ¹percussiones
532 1118 579 1180 CC
602 1118 709 1182 valent.

743 1303 843 1374 XLV.

685 1444 751 1492 ltem
775 1418 899 1504 sequitur.
983 1473 985 1476 -
1011 1451 1014 1456 ’

302 1575 362 1651 Qui
384 1596 439 1662 non
461 1581 557 1656 potest
579 1579 621 1638 sin
643 1595 730 1652 agere
751 1577 975 1656 poenitendam,
998 1579 1031 1638 ut
1053 1576 1188 1654 superius
1209 1575 1345 1648 diximus,

241 1679 271 1737 ln
290 1669 385 1755 prImo
407 1694 481 1737 anno
504 1679 604 1762 eroget
630 1678 658 1736 in
684 1675 868 1752 elemosynas
891 1675 996 1737 solidos
1019 1675 1141 1746 XXVI,
1170 1675 1346 1737 insecundo

241 1796 316 1838 anno
337 1775 415 1850 XX,
437 1777 466 1836 in
489 1780 575 1838 tertio
596 1770 702 1836 solidos
724 1775 842 1847 XVIII,
869 1777 897 1836 id
920 1778 988 1836 sunt
1010 1773 1097 1836 solidi
1114 1773 1220 1858 LXIV.

302 1868 440 1939 Potentes
462 1875 594 1936 homines
616 1895 669 1955 pro
689 1877 782 1955 culpis
802 1876 1000 1937 criminalibus
1020 1875 1143 1949 iaciant,
1165 1881 1197 1936 ut
1215 1873 1346 1937 Zaclreus

241 1978 297 2039 ait:
324 1975 438 2052 domine
455 1976 591 2041 emulum
612 1974 752 2036 bonorum
774 1993 907 2061 meorum
930 1975 1079 2036 dImidium
1102 1974 1138 2035 do
1159 1973 1346 2053 pauperihus,

242 2078 272 2135 et
293 2075 318 2136 si
340 2075 448 2153 aliquid
470 2072 576 2152 injuste
595 2075 717 2146 abstuli,
740 2077 768 2135 iu
788 2075 982 2154 quadruplum
998 2076 1134 2146 restiluo,
1156 2078 1185 2134 et
1207 2074 1243 2133 de
1265 2092 1347 2135 man·

242 2175 326 2253 cipiis
348 2177 409 2234 suis
430 2174 543 2252 aliquos
562 2175 689 2237 dimiltat
711 2174 817 2235 llberos
832 2175 868 2234 'et
890 2177 1019 2252 captivos
1040 2175 1180 2245 redimat,
1201 2174 1231 2232 et
1251 2192 1268 2236 a
1290 2189 1348 2250 quo

243 2273 289 2333 die
315 2272 421 2332 desinit
445 2291 583 2351 peccare,
613 2291 667 2332 non
695 2266 807 2334 desinat
834 2275 1066 2344 communIeare,
1095 2274 1172 2333 sieut
1199 2271 1347 2350 apostolus

243 2372 329 2430 dlxit:
352 2372 403 2448 qui
424 2390 477 2450 per
499 2390 603 2449 corpus
625 2376 740 2449 peccat,
762 2389 942 2450 percorpus
964 2373 1126 2431 emendetur
1142 2367 1207 2451 ¹¹²⁰),
1230 2369 1349 2430 honest

242 2472 271 2529 ln
291 2468 423 2547 jejunIis,
446 2472 475 2529 in
497 2471 620 2546 vigiliis,
643 2474 673 2529 et
693 2469 870 2532 craltonibus
893 2470 929 2530 ad
951 2471 1111 2531 domiuum.
1148 2466 1206 2542 Qui
1228 2486 1349 2530 conver-

242 2587 292 2631 sus
313 2569 401 2630 luerit
422 2574 452 2629 et
472 2587 558 2630 omne
581 2570 690 2631 malum
712 2569 868 2646 ailquando
888 2569 1006 2642 lecerit,
1034 2571 1062 2628 ln
1086 2569 1259 2630 effundendo
1280 2586 1348 2627 san-

243 2669 359 2746 guinem
382 2669 411 2728 in
434 2669 513 2730 lurtu
534 2669 582 2730 rel
604 2671 709 2729 ceteris
730 2670 814 2729 malis
841 2674 871 2729 et
893 2674 992 2748 postea
1015 2670 1069 2730 deo
1090 2672 1202 2731 servire
1223 2668 1348 2729 voluerit

242 2786 336 2847 usque
359 2769 387 2828 in
410 2767 515 2840 finem,
549 2768 591 2829 III
615 2787 704 2831 annos
725 2773 776 2832 aut
796 2767 827 2827 X
848 2787 938 2831 annos
962 2771 1106 2847 peniteat,
1132 2769 1179 2830 rel
1204 2766 1348 2846 quomodo

245 2871 273 2938 ei
294 2868 430 2930 sacerdos
447 2867 632 2946 judicaverit.

306 2967 373 3044 Ipse
400 2965 497 3031 tamen
519 2969 654 3029 sacerdos
676 2971 782 3045 cogitet
804 2987 921 3048 semper
941 2969 978 3029 de
1000 2968 1213 3029 medicamento
1237 2966 1348 3027 anima-

243 3084 309 3126 rum
332 3068 476 3143 quomodo
496 3068 578 3145 prius
603 3087 687 3128 suam
711 3071 840 3132 animam
866 3069 913 3131 vel
942 3068 1065 3131 aliorum
1093 3068 1205 3130 animas
1221 3065 1347 3142 ,salvare

244 3163 349 3227 debeat
368 3168 400 3225 In
422 3167 580 3248 erudiendo
601 3168 630 3226 ln
652 3168 779 3228 docendo
801 3187 905 3229 sanum
924 3185 1089 3228 sermonem
1112 3168 1180 3245 quia
1202 3167 1252 3244 qui
1273 3164 1348 3224 bene

243 3265 389 3325 minIstrat
402 3261 588 3343 pradum¹²¹l
605 3265 712 3327 bonum
729 3267 782 3326 sibi
797 3267 924 3343 adquirit
938 3267 1014 3344 apud
1030 3286 1113 3333 eum,
1135 3266 1186 3343 qui
1200 3268 1245 3326 est
1259 3280 1348 3343 super

244 3366 342 3458 omnia
363 3365 436 3433 deus
456 3363 626 3426 benedictus
647 3367 677 3426 in
698 3366 815 3428 saecula
837 3365 1037 3439 saeculorum,
1059 3363 1162 3426 ament

728 3537 853 3656 ¹'mvn

615 3689 717 3740 Edictio
740 3690 821 3740 suncti
840 3689 979 3740 Itonelacil.

307 3824 459 3901 Quomodo
480 3842 637 3904 possumus
656 3826 862 3904 poenitentiam
879 3822 936 3886 Vll
958 3829 1099 3888 annorum
1121 3840 1179 3885 uno
1199 3841 1275 3885 anno
1294 3839 1348 3901 pe·

244 3929 349 3989 nitere.
383 3925 562 3987 Triduanum
585 3942 656 3986 vero
679 3943 732 4002 per
754 3923 845 3985 XXX
868 3923 930 3986 dies
953 3927 983 3984 et
1004 3928 1102 3985 noctes
1125 3924 1250 3985 cantatto
1271 3922 1349 4004 psal·

244 4046 361 4090 morum
390 4031 505 4087 centum
535 4025 598 4086 XX
625 4025 762 4106 psalterIa
792 4030 857 4102 post
885 4024 991 4088 missas
1018 4023 1094 4098 XII,
1130 4042 1184 4103 pro
1213 4041 1272 4084 uno
1301 4023 1348 4083 die

245 4129 372 4209 psalmos
393 4125 418 4188 L
440 4129 471 4186 et
491 4123 520 4187 V
545 4127 759 4204 paternoster.

298 4338 362 4394 119)
381 4335 478 4387 esum
496 4335 560 4388 cod.
580 4333 640 4385 llll.

299 4423 363 4482 12⁰)
382 4421 444 4472 cod.
463 4421 513 4473 itt
534 4420 661 4473 emendet.

299 4505 361 4570 121)
380 4506 445 4559 cod.
464 4507 514 4558 151
533 4506 664 4571 gaudium.
