3094 5100
798 363 870 440 152

282 562 421 626 scientiae
440 564 543 623 reatus
563 559 599 623 ad
620 577 762 642 poenam,
789 579 879 640 quam
909 559 1087 638 indulgentia
1113 565 1182 626 tuae
1204 561 1322 641 pietatis
1347 559 1385 622 ad

281 665 408 728 reniam.
445 662 503 724 Per
524 660 683 723 domiuum.

343 760 535 840 Omnipotens
556 767 586 823 et
607 762 773 823 misericors
791 761 881 836 deus,
903 761 953 841 qui
972 753 1158 841 pennatorum
1176 758 1386 837 indulgentiam

280 862 310 922 iu
333 861 513 924 confessione
535 861 624 924 celeri
645 861 784 942 posuisti,
813 877 951 922 succurre
974 861 1080 940 lapsis,
1107 861 1249 922 miserere
1270 860 1386 922 confes·

280 963 339 1035 sis,
367 966 403 1023 ut
423 979 496 1040 quos
518 962 690 1024 delictorum
712 965 815 1025 eatena
836 961 1025 1040 constringit,
1053 961 1203 1023 miseratio
1228 962 1296 1021 tuae
1321 960 1385 1041 pie-

281 1063 350 1125 tatis
371 1061 513 1124 absolvat.

342 1161 487 1243 Incipiunt
509 1161 653 1242 capitula:

364 1263 392 1323 1.
435 1263 481 1324 De
503 1262 690 1323 fornicatione
711 1261 895 1325 diversarum
916 1278 1124 1341 personarum,

361 1358 393 1422 2.
435 1346 538 1422 debis
559 1362 610 1439 qui
631 1378 699 1422 cum
720 1364 816 1422 matre
837 1364 888 1423 aut
909 1379 1009 1422 sorore
1032 1360 1254 1435 fornicaverint,
1309 1380 1315 1402 r

363 1460 412 1521 3.’
436 1459 472 1521 de
494 1459 688 1524 sordidatione
709 1478 886 1540 puerorum,

361 1558 391 1622 b.
434 1561 471 1622 de
491 1560 669 1622 inlecebroso
690 1561 845 1641 amplexu,

362 1659 391 1722 5.
434 1660 471 1721 de
501 1659 676 1722 abstinentia
706 1661 763 1724 riri
795 1678 830 1722 ac
861 1660 970 1722 lemine
1002 1665 1069 1742 post
1098 1659 1285 1742 manifestam
1314 1677 1385 1722 cou-

433 1762 617 1840 ceptionem,

363 1861 393 1921 6.
436 1859 473 1920 de
494 1859 653 1921 menstruis
674 1857 870 1936 abstinendis,

362 1961 392 2021 7.
435 1959 472 2022 de
493 1959 540 2021 bis
561 1960 612 2039 qui
633 1959 679 2020 die
700 1959 843 2022 dominico
863 1960 1032 2040 nupserint,

359 2059 390 2120 8.
433 2060 470 2121 de
491 2059 538 2121 his
558 2061 610 2139 qui
631 2062 660 2120 iu
681 2060 764 2138 tergo
785 2062 938 2142 nupserint
958 2061 1006 2125 vel
1026 2063 1123 2136 retro,

314 2167 316 2174 ’
362 2158 393 2219 9.
435 2159 472 2220 de
492 2160 628 2222 machina
648 2156 823 2237 mulierum,

338 2258 389 2320 10.
432 2257 469 2320 de
490 2259 657 2334 sodomitis,
972 2339 975 2345 Ι

339 2357 389 2421 11.
432 2357 468 2419 de
490 2359 647 2438 pollutione
669 2361 700 2420 et
720 2359 863 2421 effusione
884 2360 1024 2438 seminis,

338 2455 388 2521 12.
430 2457 468 2519 de
490 2459 714 2539 quadrupedum
737 2459 944 2533 fornicatione,

339 2557 389 2622 13.
432 2559 469 2620 de
489 2561 635 2622 occisione
655 2559 807 2621 bominum
829 2558 983 2622 manifeste
1004 2579 1056 2623 seu
1079 2562 1108 2622 iu
1131 2561 1224 2638 bello,

338 2655 389 2722 lt.
432 2658 469 2720 de
489 2657 662 2722 mulieribus
683 2663 785 2740 partus
805 2677 875 2722 suos
896 2662 1086 2738 necantibus,

338 2759 388 2823 15.
430 2759 467 2820 de
492 2759 665 2823 mulieribus
690 2761 741 2838 qui
764 2760 878 2839 aliquos
904 2762 1077 2825 interimunt
1103 2767 1166 2827 arte
1193 2762 1328 2846 maleficia
1344 2760 1383 2846 ³⁹)

433 2877 503 2936 sue,

340 2961 391 3022 16.
434 2959 471 3020 de
491 2961 639 3040 patricidis
661 2963 691 3021 et
711 2961 890 3037 matricidis,

340 3061 391 3122 17.
433 3059 470 3120 de
497 3059 656 3124 infantibus
685 3079 738 3141 per
767 3061 972 3140 negligentiam
1000 3067 1126 3129 mortuis
1155 3064 1281 3130 necdum
1309 3066 1383 3148 bap·

436 3159 548 3232 tizatis,

342 3255 392 3320 18.
434 3257 471 3319 de
487 3257 655 3337 juramento
674 3260 734 3322 scio
748 3257 805 3342 ⁴⁰),

340 3357 391 3422 19.
433 3357 470 3418 de
498 3356 640 3421 ebrietate
670 3362 699 3419 et
729 3359 765 3422 de
794 3359 841 3424 bis
871 3363 922 3440 qui
951 3381 1005 3444 per
1034 3363 1208 3430 ebrietatem
1238 3368 1384 3431 vomitum

432 3457 560 3534 faciunt,

338 3559 390 3627 20.
432 3557 469 3620 de
490 3557 538 3621 bis
559 3559 610 3638 qui
632 3560 841 3624 eucharistiam
861 3567 1001 3640 romunt,

338 3658 391 3722 21.
434 3659 470 3721 de
492 3660 670 3724 eucharistia
689 3679 743 3742 per
763 3661 971 3742 negligentiam
991 3665 1122 3747 perdita,

338 3760 390 3822 22.
433 3760 470 3821 de
491 3777 579 3822 carue
599 3761 749 3824 immunda
769 3760 816 3825 vel
838 3765 991 3831 morticina
1012 3768 1043 3827 et
1064 3767 1099 3830 de
1121 3767 1240 3847 fraude,

321 3858 391 3922 23.
434 3859 471 3922 de
491 3860 629 3940 operibus
650 3861 679 3921 iu
702 3861 750 3923 die
771 3861 934 3938 dominico,

337 3959 390 4023 25.
432 3960 469 4021 de
490 3960 649 4022 chrismate
671 3962 699 4022 in
721 3962 846 4027 ecclesia
866 3964 996 4044 perdito,

337 4059 390 4124 25.
433 4061 471 4122 de
491 4060 579 4124 thure
600 4064 630 4122 et
652 4060 713 4124 sale
733 4060 887 4126 benedicto
907 4066 938 4126 et
958 4081 1084 4146 sapone,

337 4161 390 4225 26.
433 4161 469 4224 de
491 4159 662 4223 criminibus
683 4161 872 4244 capitalibus,

323 4469 374 4534 dt)
393 4467 526 4523 605151
547 4467 698 4522 maleficias.

327 4555 376 4626 to)
392 4555 459 4614 cod.
476 4553 529 4610 151
548 4554 647 4623 ,raiol
666 4556 748 4610 deest.
