3094 5100
706 319 777 398 ica

183 517 302 597 jiciatur
322 521 402 579 totus
424 517 472 576 illc
493 517 607 594 liquor,
629 535 683 578 nec
704 521 839 580 sumatur
860 517 896 580 ab
918 517 1085 579 hominibus
1106 519 1169 580 rive
1190 517 1235 582 lac
1256 521 1295 580 sit

187 621 250 681 sive
275 619 388 679 cervisa
413 618 461 679 vel
485 617 592 695 aliquid
616 617 826 696 hujuscemodi.
865 617 950 692 Quod
979 619 1004 678 si
1032 618 1157 678 multum
1185 621 1231 678 est
1259 619 1295 679 de
1362 603 1380 618 J

187 720 300 798 liquore
322 718 385 789 illo,
415 719 444 776 in
467 735 525 793 quo
548 734 614 776 mus
634 717 681 778 vel
704 719 839 779 mustella
861 718 1015 789 ceciderit,
1043 720 1073 776 et
1094 717 1133 776 ibi
1154 719 1294 790 moritur,

187 820 329 899 purgetur
358 819 452 894 liquor
480 818 527 884 ille
555 822 584 876 et
612 823 784 896 aspergatur
809 837 884 896 aqua
911 820 1010 878 sancta
1035 820 1065 877 et
1091 825 1239 890 sumatur,
1270 819 1295 879 si

188 936 307 978 necesse
333 919 390 978 est.

253 1017 284 1078 Si
306 1035 376 1078 aves
398 1019 560 1077 stercorant
582 1019 610 1076 in
633 1017 778 1096 liquorem
799 1017 966 1096 hujusmodi
987 1017 1035 1078 vel
1060 1017 1184 1096 cybum,
1212 1015 1296 1077 tolla·

187 1121 238 1176 tur
260 1117 297 1181 ab
319 1134 354 1175 eo
375 1120 489 1176 stercus
511 1118 540 1175 et
560 1117 718 1176 mundetur
744 1118 840 1196 liquor
868 1119 897 1176 et
925 1117 1018 1195 cybus
1043 1133 1120 1193 aqua
1145 1115 1296 1178 benedicta

189 1220 222 1276 et
244 1219 387 1275 sumatur.
476 1257 482 1269 .
1171 1225 1174 1231 '

253 1313 283 1374 Si
307 1317 372 1391 quis
394 1316 512 1374 tinxerit
533 1315 561 1373 in
585 1315 683 1392 aliquo
705 1317 772 1396 cybo
789 1312 839 1395 ω’)
862 1334 997 1381 manum.
1027 1318 1057 1374 et
1083 1332 1138 1375 non
1164 1318 1210 1374 est
1236 1315 1297 1375 ido·

190 1433 243 1474 nea
265 1432 370 1474 manus
394 1413 416 1474 C
438 1414 579 1494 palmatas
602 1416 785 1475 emundetur.
830 1415 860 1475 Si
889 1417 916 1473 in
947 1415 1037 1475 farina
1065 1417 1115 1475 aut
1142 1417 1170 1474 in
1200 1415 1296 1491 aliquo

191 1513 265 1592 cybo
286 1518 337 1574 aut
358 1515 386 1572 in
409 1514 504 1592 pultes
526 1515 572 1574 rel
595 1515 622 1573 in
646 1515 721 1574 lacte
742 1515 893 1590 coagulato
915 1533 982 1574 mus
1003 1515 1050 1574 rel
1073 1515 1197 1574 mustela
1218 1533 1298 1575 mor·

191 1617 241 1674 tua
258 1615 457 1686 inveniantur,
480 1615 508 1672 in
528 1632 586 1691 quo
599 1613 698 1692 jacent
714 1615 761 1674 vel
781 1615 987 1693 quodcumque
1006 1615 1175 1675 incircuitu
1194 1633 1297 1676 earum

190 1717 250 1786 est,
273 1711 440 1792 projiciatur
461 1713 557 1785 foras,
580 1713 656 1789 quod
677 1715 827 1773 residuum
849 1713 954 1783 luerit,
976 1712 1178 1775 manducetur.

668 1922 818 1990 XXXVl

518 2073 557 2122 Da
576 2083 621 2120 esu
639 2070 772 2132 sanguinis
789 2071 896 2134 proprii
914 2067 969 2132 ¹⁰⁸).

253 2211 312 2286 Qui
340 2215 509 2290 sanguinem
538 2232 623 2274 suum
651 2215 783 2274 nesciens
810 2213 856 2274 vel
885 2232 952 2273 cum
979 2213 1069 2276 saliva
1095 2212 1208 2285 sorbet,
1238 2232 1295 2274 non

192 2315 218 2373 ei
240 2317 332 2373 nocet.
368 2313 427 2386 Qui
444 2314 601 2375 manducat
619 2322 769 2391 proprium
789 2317 959 2390 sanguinem
977 2316 1126 2386 nesciens,
1149 2313 1295 2392 polluitur,

191 2415 288 2473 tamen
310 2433 366 2473 non
388 2419 481 2474 nocet.
515 2413 545 2474 Si
568 2417 667 2474 autem
689 2415 758 2482 scit,
780 2415 966 2493 penitentiam
989 2417 1054 2490 agat
1073 2415 1154 2492 juxta
1176 2413 1294 2474 modum

192 2513 276 2593 culpe
297 2531 331 2575 ac
352 2513 526 2592 pollutionis.

655 2719 830 2790 XXXVH:

561 2867 600 2918 De
619 2871 753 2920 venatione
771 2870 931 2920 clericorum.

255 3013 286 3074 Si
308 3014 431 3074 clericus
453 3015 622 3074 venationes
644 3015 825 3085 exercuerit,
853 3031 962 3076 annum
984 3013 998 3074 1
1023 3015 1168 3092 peniteat,
1198 3014 1294 3076 diaco·-

195 3129 249 3172 nus
270 3111 314 3185 ΙΙ,
340 3113 495 3192 presbyter
518 3112 568 3174 lll.

651 3322 835 3392 xxxvul

485 3471 524 3520 lle
542 3482 572 3519 eo
591 3472 636 3532 qui
654 3478 787 3533 peccatum
806 3473 889 3524 fratris
907 3472 1000 3524 silebit.

254 3609 313 3684 Qui
334 3613 485 3673 reticuerit
506 3617 658 3692 peccatum
681 3615 795 3688 fratris,
818 3615 894 3692 quod
919 3620 963 3676 est
982 3617 1017 3677 ad
1036 3620 1176 3689 mortem,
1198 3635 1293 3694 neque

192 3731 259 3772 cum
278 3714 450 3790 corripuerit
464 3711 546 3790 juxta
566 3716 696 3789 regulam
716 3717 929 3796 evangelicam,
952 3718 1079 3794 primurn
1102 3719 1176 3777 inter
1197 3739 1226 3778 rc
1242 3715 1292 3800 ¹⁰²)

191 3815 221 3869 et
249 3813 345 3890 ipsum
375 3813 487 3884 solum,
522 3815 625 3874 deinde
655 3816 726 3876 alios
754 3816 908 3889 adhibeat,
941 3817 1045 3876 deinde
1073 3818 1109 3876 ad
1138 3819 1291 3880 ecclesiam

192 3911 305 3989 culpam
326 3911 402 3972 illius
421 3914 445 3972 si
466 3932 586 3974 necesse
604 3915 692 3975 luerit
709 3915 840 3977 referens
859 3921 966 3994 quanto
986 3920 1118 3998 tempure
1138 3919 1291 3992 consentit,

149 4046 151 4050 s
190 4014 271 4072 tanto
292 4015 424 4090 tempore
446 4017 582 4092 peniteat.

190 4197 516 4212 m

245 4319 309 4379 105)
329 4322 389 4372 Cod.
410 4323 459 4372 151
481 4323 577 4384 liquido
596 4324 668 4385 cybo.

245 4408 305 4464 1⁰6)
325 4409 386 4458 Cod.
406 4410 456 4460 151
478 4409 615 4472 „proprii”
636 4411 716 4461 deest.

245 4489 309 4556 107)
328 4495 390 4544 eod.
412 4496 460 4546 llll
480 4502 513 4545 te.

232 4575 399 4628 aaronem.
417 4581 615 4641 pentateucuirder
630 4585 650 4630 t.
664 4586 810 4645 Iandladlra.
1052 4582 1091 4653 12
