3094 5100
660 331 709 408 93

1145 473 1152 504 Ι

132 523 247 604 accepit
268 523 317 586 det
338 541 391 602 pro
410 542 447 586 eo
462 527 491 584 in
506 524 693 588 elemosinam
715 523 812 599 iliius,
834 526 968 590 statium
982 529 1157 594 redimatde
1171 551 1235 596 ser·

131 625 243 696 vitute,
273 626 303 684 et
328 625 473 704 poeniteat
494 625 560 686 Vii.
581 644 680 687 euuos.
724 625 756 686 Si
777 629 875 688 autem
904 633 1098 708 pauperent,
1127 635 1158 691 et
1179 649 1234 694 nou

131 723 221 786 habet
241 723 319 784 unde
340 724 429 784 atium
450 726 595 788 redimere
614 726 720 800 valeat,
741 729 840 788 tamen
862 727 970 806 aliquid
991 729 1041 790 det
1063 748 1116 810 pro
1137 749 1182 804 eo,
1204 735 1235 792 et

131 825 279 904 poeniteat
301 822 339 883 X.
361 843 462 886 annos.

131 1006 274 1068 xlun.
317 982 361 1056 nn
385 1005 608 1058 nsnsnrrsnrs
632 1008 691 1070 nur
717 1010 951 1062 uonrsnrusus
976 1013 1235 1068 nosnrrnnnrsu
1315 981 1318 988 ¹

169 1167 172 1170 Ι
267 1090 468 1149 nnnscunr,
488 1092 532 1142 ur
550 1093 608 1156 our
627 1094 790 1146 insinues
810 1097 880 1149 non
898 1097 1099 1150 nsnrrzsnr.

195 1217 223 1286 §.
244 1213 271 1274 1.
295 1209 326 1272 Si
348 1215 413 1292 quis
434 1212 579 1291 presbiter
600 1215 804 1292 poenitentiam
826 1217 1017 1278 morientibus
1038 1218 1235 1295 abnegaverit,

130 1332 200 1374 reus
227 1315 282 1372 erit
309 1312 462 1376 animabus
491 1331 611 1386 eorum;
641 1314 709 1391 quia
735 1315 880 1378 Dominus
907 1317 992 1376 dicit:
1028 1315 1235 1396 «Quocunque

131 1414 178 1490 die
198 1431 357 1476 conversus
378 1411 466 1474 inerit
487 1418 631 1491 peccator,
653 1415 712 1477 vita
734 1417 814 1478 vivet
836 1419 865 1476 et
886 1435 941 1476 non
963 1405 1134 1500 morietur».
1159 1418 1235 1480 Vera

130 1531 201 1589 ergo
232 1513 268 1572 ad
295 1511 391 1574 Deum
418 1513 568 1576 con'versio
600 1515 628 1576 in
657 1513 766 1576 ultimis
798 1517 975 1595 positorum,
1014 1520 1113 1577 mente
1140 1517 1236 1596 potius

130 1616 177 1674 est
204 1611 368 1672 estimanda
396 1629 485 1688 quam
515 1615 661 1692 tempore,
690 1614 832 1694 propbeta
861 1616 915 1676 boc
945 1616 1041 1677 taliter
1070 1619 1233 1677 asserente:

133 1711 229 1773 «Cum
252 1728 408 1772 conversus
431 1713 618 1788 ingemueris,
640 1716 709 1774 tunc
730 1713 830 1774 salvus
853 1716 950 1774 eris».
992 1715 1067 1776 Cum
1088 1733 1157 1790 ergo
1179 1714 1236 1774 Do-
1329 1707 1334 1715 ’
1394 1771 1396 1778 r

130 1813 230 1873 minus
259 1811 297 1871 sit
323 1811 419 1871 cordis
448 1813 592 1889 inspector
620 1815 699 1873 omni
729 1818 877 1893 ternpore,
914 1833 969 1874 non
998 1818 1044 1876 est
1070 1814 1237 1890 deneganda

129 1911 309 1992 poenitentia
335 1909 500 1989 postulanti.
542 1912 677 1991 Denique
703 1913 778 1974 latro
799 1914 910 1990 positus
931 1915 959 1973 in
982 1931 1089 1984 cruce,
1118 1917 1235 1992 propter

130 2012 339 2074 contessionem
360 2011 446 2073 unius
468 2013 621 2084 momenti,
649 2012 721 2072 bora
742 2012 860 2086 ultima,
882 2014 991 2075 meruit
1012 2031 1078 2074 esse
1100 2015 1128 2072 in
1150 2032 1236 2092 para-

130 2113 218 2190 dyso;
246 2111 370 2173 Domino
390 2111 519 2170 dicente:
551 2112 673 2172 «Amen
695 2111 759 2173 dico
784 2111 853 2184 tibi,
880 2112 964 2173 bodie
986 2131 1102 2174 mecum
1124 2115 1183 2174 eris
1205 2115 1233 2173 in

130 2211 313 2292 paradyso».
357 2214 385 2281 s.
407 2211 436 2270 2.
466 2207 640 2289 Quicunque
662 2212 739 2272 enim
760 2212 920 2291 presbiter,
949 2214 978 2272 iu
1000 2213 1236 2293 provincia-pro-

131 2314 211 2392 pria,
239 2310 339 2372 autin
361 2310 471 2382 alieno,
499 2310 546 2372 vei
568 2311 735 2390 ubicunque
757 2313 892 2376 inventus
915 2313 1017 2386 inerit,
1049 2314 1235 2378 commenda·

131 2417 195 2474 tum
223 2411 279 2473 sibi
309 2409 459 2471 infirmum
487 2411 638 2492 baptizare
668 2431 723 2471 non
753 2413 834 2485 vuit,
865 2416 1000 2492 quamvis
1022 2415 1057 2474 de
1084 2415 1234 2492 parrochia

131 2512 269 2574 alterius·
279 2513 337 2584 sit,
367 2509 414 2570 vei
443 2529 495 2588 pro
524 2512 681 2571 intentione
710 2511 838 2583 itineris,
872 2514 901 2571 et
929 2513 970 2572 sio
1000 2514 1062 2572 sine
1091 2512 1235 2592 baptismo

132 2614 275 2684 moritur,
302 2611 474 2690 deponatur.
518 2614 546 2681 ς.
570 2610 609 2674 3.,
628 2607 686 2669 Sed
709 2614 739 2669 et
759 2610 894 2672 omnibus
916 2610 1049 2672 fidelibus
1071 2611 1156 2682 iicet,
1185 2612 1235 2672 ubi

132 2713 208 2774 iorte
235 2711 390 2771 morituros
418 2710 581 2772 invenerint
608 2728 663 2770 non
690 2709 871 2788 baptizatos,
902 2711 1076 2773 necessitate
1098 2715 1235 2788 cogente,

131 2813 302 2891 baptizare;
330 2811 420 2871 immo
449 2812 637 2888 praeceptum
666 2813 711 2870 est
739 2811 850 2872 animas
871 2812 987 2888 eripere
1008 2830 1026 2872 a
1048 2810 1162 2872 diabolo
1184 2829 1236 2889 per
1331 2796 1333 2804 ’

130 2914 325 2992 baptismum,
354 2911 465 2980 idest,
495 2910 648 2970 benedicta
670 2909 841 2986 simpliciter
862 2928 956 2988 aqua,
986 2911 1015 2970 in
1039 2913 1154 2971 nominc
1174 2911 1235 2971 Do·

132 3014 225 3087 mini,
258 3011 404 3092 baptizare
432 3009 508 3082 iilos,
541 3009 568 3068 in
599 3010 714 3068 nomine
742 3007 853 3082 Patris,
884 3011 914 3068 et
942 3009 1022 3080 Fiiii,
1051 3014 1081 3070 et
1110 3009 1236 3088 Spiritus

130 3114 250 3192 Sancti,
272 3112 405 3172 intinctos
427 3113 478 3174 aut
499 3107 669 3190 superfusos
692 3127 778 3186 aqua.

131 3287 266 3346 XLIV.
310 3288 403 3352 Quor)
436 3285 541 3338 uuum
569 3286 724 3337 SINGULIS
761 3283 942 3338 Domlrucrs
975 3251 1236 3338 communicans.

196 3415 223 3483 ἕ.
240 3411 269 3472 1.
291 3406 379 3470 Greci
399 3408 479 3468 omni
500 3405 546 3464 die
566 3406 718 3470 Dominico
740 3408 964 3478 communicant,
986 3405 1083 3466 clerici
1106 3407 1136 3464 et
1155 3405 1236 3477 iaici3

131 3513 162 3570 et
182 3512 233 3588 qui
258 3511 286 3569 iu
314 3508 409 3572 tribus
430 3507 591 3570 Dominicis
620 3525 675 3566 non
704 3506 1003 3584 communicaverint,
1037 3505 1236 3564 excommuni-

131 3613 245 3683 cantur,
267 3589 343 3674 sicut
365 3626 492 3670 canones
513 3607 631 3668 habent.
675 3610 704 3677 t.
723 3608 752 3667 2.
776 3606 898 3666 Romani
920 3592 1054 3665 similiter
1075 3603 1237 3664 communi·

132 3714 208 3783 cant,
230 3711 280 3788 qui
303 3709 417 3778 voluut3
443 3709 493 3786 qui
515 3710 612 3768 autern
634 3707 743 3778 uolunt,
766 3707 819 3766 non
841 3698 1133 3765 excommunicantur.
1159 3707 1186 3776 S.
1208 3703 1236 3764 3.

132 3809 219 3874 Greci
248 3812 279 3868 et
299 3807 423 3870 Romani
448 3806 544 3870 tribus
572 3805 675 3868 diebus
703 3805 902 3866 abstinentes
924 3823 941 3866 a
963 3802 1135 3865 mulieribus
1156 3807 1238 3866 ante-

131 3928 222 3990 quam
244 3907 474 3976 communicent,
497 3908 572 3968 sicut
594 3908 622 3966 iu
644 3905 708 3982 lege
730 3907 871 3984 scriptum
894 3908 947 3964 est.
975 3909 1012 3978 5.
1031 3903 1060 3965 b.
1083 3903 1237 3964 Poeniten-

131 4015 193 4078 tes,
223 4007 383 4070 secundum
406 4023 546 4077 canones,
569 4024 624 4065 non
646 4003 757 4067 debent,
775 4005 991 4066 communicare
1012 4005 1079 4065 ante
1101 4021 1239 4093 consum·

131 4111 290 4173 mationem
317 4107 530 4186 poenitentiae;
549 4123 614 4166 nos
636 4107 753 4176 autem,
780 4122 832 4184 pro
854 4103 1051 4166 misericordia
1074 4103 1144 4177 Dei,
1173 4106 1238 4184 post

131 4229 222 4274 annos
244 4207 280 4269 11.
302 4207 350 4268 vei
372 4206 419 4276 1.,‘
438 4210 489 4267 aut
511 4209 577 4285 post
597 4223 713 4266 menses
736 4203 784 4266 Vl.
807 4205 953 4266 licentiam
974 4204 1079 4264 damus
1107 4207 1238 4265 cominu·

133 4309 263 4382 nicandi,
293 4327 329 4369 ne
360 4306 435 4368 iorte
464 4306 576 4385 absque
605 4308 809 4368 communione
836 4304 873 4367 ab
904 4303 959 4364 hac
987 4305 1047 4366 vita
1070 4303 1237 4375 discedant,

132 4412 200 4489 quie
229 4409 266 4468 de
294 4408 498 4470 communione
525 4409 645 4487 privatis
667 4410 697 4468 et
718 4408 757 4470 ita
778 4389 922 4468 defunctis
943 4407 1077 4484 superius
1099 4405 1171 4466 satis
1192 4405 1237 4464 est

134 4527 324 4592 expressum
353 4528 387 4572 ea
415 4512 521 4599 tameo,
544 4512 672 4584 ratione,
701 4511 734 4570 ut
760 4510 827 4571 ante
848 4509 910 4569 vita
931 4508 962 4568 et
982 4504 1165 4574 conuersatio
1187 4519 1237 4567 co·
