3094 5100
781 1171 870 1256 lV.

343 1397 466 1507 rnunr
493 1437 667 1508 ruonoous
692 1440 802 1506 nunu
830 1440 1046 1532 rnusnrruu
1074 1441 1117 1508 nn
1146 1441 1307 1510 numius

625 1613 627 1616 ¹
703 1533 949 1602 recursurus

334 1705 378 1766 De
400 1703 537 1766 remediis
561 1707 748 1783 peccatorum
773 1705 950 1783 paucissima
976 1707 1065 1781 haec,
1095 1726 1172 1786 quae
1198 1715 1379 1790 sequuntur,

272 1827 308 1869 ex
329 1807 460 1886 priorum
482 1805 679 1866 monumentis
700 1806 909 1882 excerpsimus.
940 1808 974 1868 ln
995 1808 1101 1886 quibus
1123 1812 1222 1872 tamen
1242 1812 1381 1876 omnibus

272 1928 326 1970 non
348 1908 521 1969 auctoritate
542 1906 688 1975 censoris,
714 1905 766 1966 sed
787 1906 906 1967 oonsilio
927 1908 1023 1986 potius
1044 1911 1235 1989 conpatientis
1259 1913 1307 1973 usi
1329 1931 1381 1974 su·

270 2027 355 2082 mus,
376 2008 509 2068 sollerter
529 2009 729 2066 ammonentes
751 2004 869 2067 doctum
889 2024 1037 2085 quemque
1058 2010 1240 2072 sacerdotem
1259 2011 1380 2086 Christi,

270 2114 304 2172 ut
324 2112 355 2169 et
375 2109 405 2168 in
426 2106 588 2179 universis,
615 2123 691 2184 quae
712 2105 761 2166 hie
782 2105 917 2169 adnotata
939 2109 1065 2186 reperit,
1089 2127 1209 2185 sexum,
1232 2115 1380 2188 aemtem,

271 2207 480 2280 conditionem,
508 2209 633 2280 statum,
662 2224 835 2284 personam,
865 2208 962 2287 ipsum
987 2226 1104 2287 quoque
1130 2229 1180 2272 cor
1204 2213 1381 2291 poenitentis

271 2311 386 2373 ouriose
407 2308 570 2374 discernat,
593 2309 622 2366 et
644 2306 805 2368 seeundum
826 2306 918 2381 haee,
940 2312 974 2370 ut
995 2308 1051 2370 sibi
1072 2311 1169 2372 risum
1190 2312 1297 2386 luerit,
1318 2314 1381 2376 siu-

271 2410 338 2488 gula
359 2426 493 2486 quaeque
515 2406 667 2486 dijudicet3
695 2407 870 2485 quibusdam
895 2427 1022 2488 namque
1045 2430 1063 2472 a
1086 2411 1169 2489 oybis
1190 2412 1379 2488 abstinendo,

271 2509 336 2572 aliis
363 2508 547 2587 elemosynas
574 2508 684 2581 dando,
713 2507 858 2569 nonnullis
880 2526 976 2585 genus
1001 2508 1160 2584 flectendo,
1188 2509 1287 2592 sepius
1313 2513 1379 2576 sivo

271 2612 302 2670 in
329 2627 416 2670 oruee
443 2608 563 2682 stando,
591 2610 642 2670 sut
668 2607 776 2685 aliquid
801 2606 985 2686 hujusmodi,
1012 2611 1089 2689 qnod
1114 2611 1150 2674 ad
1175 2615 1380 2690 purgationem

271 2713 458 2789 peooatorum
480 2709 641 2788 pertineat,
662 2707 802 2769 faciendo.
834 2709 973 2772 Plurimis
994 2709 1069 2772 haee
1089 2712 1202 2788 agenda
1223 2716 1291 2776 sunt
1312 2715 1381 2776 uni-

270 2829 374 2882 versa;
402 2827 521 2870 necesse
543 2812 602 2882 est,
630 2809 726 2870 errata
748 2810 912 2887 corrigere,
937 2827 1013 2888 quae
1033 2813 1172 2878 universa
1192 2814 1222 2874 in
1243 2813 1379 2878 examine

271 2910 379 2973 debent
399 2909 518 2972 disereti
539 2908 667 2989 pendere
685 2908 800 2989 iudicis.

270 3122 465 3212 Eeeeeptum
486 3122 524 3190 de
545 3141 666 3190 canoas
688 3119 915 3190 catholicorum
937 3133 1068 3212 potrum
1088 3122 1138 3192 oet
1155 3125 1377 3214 poenitentioe

626 3245 800 3315 remedium
826 3247 1021 3318 animorum.

332 3423 384 3486 llla
408 3423 508 3485 saneta
530 3420 689 3495 institutio,
718 3437 795 3498 quae
818 3419 908 3482 fiebat
931 3421 961 3481 in
989 3421 1092 3484 diebus
1118 3426 1237 3503 patrum
1261 3427 1381 3487 nostro-

269 3543 352 3598 rum,
380 3525 535 3600 reotasque
554 3522 618 3583 vias
639 3539 789 3600 nunquam
813 3521 958 3596 deseruit,
987 3525 1038 3601 qui
1061 3524 1251 3588 instituerunt
1276 3526 1381 3605 poeni·

268 3624 398 3686 tentibus
425 3625 514 3701 atque
542 3621 707 3699 ingentibus
735 3640 806 3684 suas
833 3623 983 3702 passiones
1008 3642 1043 3686 ae
1067 3624 1140 3687 vitia
1162 3626 1380 3687 medicamento

268 3725 371 3788 salutis
389 3727 544 3787 aeternae:
572 3724 640 3801 quia
656 3722 812 3786 diversitas
829 3722 982 3804 culparum
998 3724 1200 3788 diversitatem
1219 3725 1290 3788 iaoit
1306 3744 1380 3806 pos-

267 3823 428 3886 nitentibus
455 3824 723 3897 medicamentum,
753 3823 801 3888 vel
828 3825 906 3888 siout
933 3825 1039 3888 medici
1071 3843 1228 3906 corporum
1258 3826 1379 3892 diversa

267 3926 461 3990 medicamina
480 3925 529 3988 vel
549 3926 681 4006 potiones
702 3924 797 3988 solent
822 3924 921 3989 iacere
947 3929 1047 3990 conus
1069 3925 1272 4000 diversitatem
1293 3925 1379 3990 inur-

221 4024 223 4030 '
267 4027 422 4101 mitatum,
447 4027 496 4090 rel
513 4026 629 4106 judices
651 4025 846 4088 saecularium
867 4044 1034 4090 oausamm.
1069 4027 1195 4092 Diversa
1220 4029 1309 4104 igitur
1327 4024 1378 4106 ju·

268 4128 343 4189 dicia
371 4126 417 4202 hi,
444 4129 496 4205 qui
524 4126 592 4187 boni
620 4129 689 4188 sunt
715 4129 745 4186 et
768 4130 850 4189 reeta
871 4130 994 4207 pensant
1016 4130 1106 4205 atque
1131 4129 1274 4202 tractant,
1300 4145 1377 4206 quo-

268 4228 354 4290 modo
381 4233 461 4292 reete
487 4226 617 4307 judicent
644 4227 721 4288 inter
747 4229 872 4294 miseros
898 4232 928 4290 et
954 4228 1075 4307 divites,
1102 4229 1178 4291 iuter
1201 4246 1321 4292 cauum
1344 4232 1376 4292 et

269 4347 399 4391 oausam.

331 4425 449 4501 Quanto
473 4427 584 4504 magis,
612 4445 630 4488 o
652 4427 817 4491 sacerdotes
841 4428 914 4503 Ilei,
941 4428 1056 4492 diversa
1077 4430 1290 4495 medicamenta
1310 4433 1376 4495 ani-

268 4543 386 4592 marum
406 4524 596 4589 inruibdium
615 4525 741 4590 hominis
761 4545 886 4610 pensare
908 4531 939 4591 et
959 4533 1138 4610 pertractare
1158 4535 1307 4614 oporteat,
1334 4550 1375 4594 ue
