3094 5100
821 277 894 354 144

306 484 527 562 compunctione
548 481 685 552 emendet
705 479 879 544 necessitate
899 476 949 542 rel
973 475 1122 542 uoluntate
1143 475 1207 540 loca
1227 477 1259 538 et
1279 477 1407 554 tompore

307 580 465 645 discernat.

366 681 451 745 Hanc
472 665 685 745 institutionem
706 681 901 743 conlationnm
925 679 1116 740 instituerunt
1140 675 1280 758 apostoli,
1308 675 1408 738 deinde

303 771 396 844 sancti
422 787 521 864 patres
548 787 579 845 et
603 787 721 847 sanctus
747 782 927 863 Pepnutine,
960 779 1064 841 deinde
1091 795 1217 840 canones
1235 780 1409 840 sanctorum

303 887 438 964 patrum,
470 885 574 946 deinde
602 884 651 946 alii
679 887 767 962 atquc
795 882 865 952 elii,
896 884 930 944 ut
957 879 1176 959 Hieronymus,
1211 877 1407 960 Augustinus,

303 983 463 1061 Gregorius
484 987 515 1045 et
534 983 720 1057 Theodorus,
743 1003 779 1045 ex
801 1001 927 1061 quornm
948 982 1079 1044 omnium
1100 979 1185 1040 dictis
1207 981 1237 1038 et
1257 979 1408 1040 sententiis

303 1087 345 1146 ita
372 1084 581 1165 descripsimus
609 1083 769 1158 veraciter,
802 1087 836 1144 nt
862 1084 935 1144 salvi
964 1083 1022 1144 sint
1049 1084 1080 1142 et
1108 1097 1164 1142 non
1194 1079 1408 1160 pusillanimes,

303 1184 372 1262 quia
394 1187 527 1261 potentes
548 1186 682 1265 potenter
702 1187 848 1246 tormenta
870 1183 1030 1262 patiuntur.

364 1283 440 1344 Item
462 1283 491 1343 in
512 1283 584 1345 Jesu
605 1284 658 1345 lilii
681 1282 812 1363 Syrach:
842 1284 871 1343 in
896 1282 1052 1362 judicando
1077 1283 1139 1342 esto
1162 1281 1329 1344 misericors
1355 1297 1408 1358 pu·

302 1383 395 1464 pillis,
416 1386 450 1444 nt
471 1386 571 1461 pater,
594 1387 624 1444 ct
645 1402 697 1462 pro
719 1385 782 1446 viro
803 1385 889 1446 matri
912 1381 1039 1443 illorum.
1061 1389 1062 1392 ’

363 1483 439 1544 Item
461 1487 579 1546 sanctus
599 1483 725 1548 Jecobus
747 1485 834 1546 dicit:
868 1482 1016 1546 iudicium
1041 1484 1105 1544 sine
1129 1479 1330 1542 misericordia
1354 1480 1408 1543 erit

301 1584 357 1656 illi,
380 1585 501 1662 quinon
519 1583 590 1647 iacit
606 1585 851 1657 misericordiam,
874 1583 1073 1664 superexaltat
1091 1585 1190 1646 eutem
1209 1579 1408 1642 misericordia

299 1681 456 1762 judicium,
477 1687 512 1745 ut
532 1685 609 1745 idem
633 1685 693 1766 ipse
714 1686 943 1749 misericordiam
965 1687 1170 1763 consequetur.

363 1783 400 1847 Ut
421 1789 538 1876 sanctus
560 1783 753 1859 Benedictus,
776 1786 832 1848 hoc
852 1788 916 1859 est,
940 1786 1113 1865 quiveram
1134 1784 1343 1865 poenitentiam
1365 1783 1409 1846 ia·

301 1887 381 1946 ciunt
407 1887 437 1946 in
461 1882 586 1964 jejunio,
616 1888 644 1946 in
666 1886 754 1960 lletu,
781 1887 809 1946 in
832 1886 1024 1966 elemosynis,
1053 1887 1082 1946 in
1104 1884 1283 1947 orationibus
1305 1887 1335 1945 et
1357 1884 1408 1962 qui

300 1986 468 2066 perpetrata
490 1988 596 2048 iterum
619 2005 675 2048 non
698 1987 823 2060 iaciunt,
851 1990 881 2047 et
902 1989 928 2048 si
949 1987 1075 2060 iaciunt,
1103 1989 1203 2048 tamen
1228 2003 1284 2046 non
1307 2001 1409 2062 perse·

300 2088 405 2148 verant
431 2087 461 2144 in
490 2087 542 2147 eis.
587 2084 663 2160 Quia
691 2088 825 2149 dominus
853 2087 938 2150 dicit:
956 2154 959 2159 ,
975 2086 1087 2149 Malum
1113 2086 1262 2164 cogitasti,
1291 2085 1407 2162 ignovi,

300 2185 411 2248 malum
441 2185 556 2260 dixisti,
589 2189 704 2264 ignovi,
734 2188 845 2252 malum
872 2187 985 2262 iecisti,
1015 2189 1128 2266 ignovi,
1160 2184 1407 2266 perseverancia

299 2285 378 2348 malo
401 2305 457 2347 non
484 2289 610 2364 ignosco.
646 2289 725 2366 Ergo
746 2291 797 2367 qui
819 2293 1009 2369 perseverant
1035 2291 1063 2348 in
1086 2288 1165 2354 ,malo
1190 2305 1247 2350 non
1272 2287 1408 2362 ignosco,

300 2386 350 2445 sed
370 2383 468 2462 judica
490 2389 655 2451 districtum
674 2387 816 2468 judicium
830 2390 991 2452 secundum
1013 2407 1172 2463 canonum,
1193 2390 1228 2448 ut
1248 2385 1297 2448 alii
1318 2387 1408 2447 timo·

299 2503 362 2546 rem
382 2486 520 2552 hslreaot.

319 2725 324 2730 ‘
374 2713 522 2796 Qualiter
552 2715 711 2806 suscipere
744 2716 876 2785 debeant
903 2718 1079 2807 penitentes
1110 2716 1253 2808 episcopi
1284 2715 1335 2784 oei

753 2841 943 2932 presbyteri.

358 3011 609 3092 Quotiescumque
637 3013 796 3077 Christiani
826 3014 862 3076 ad
889 3016 1079 3095 penitentiam
1106 3012 1408 3094 secedunt„je1'unio

295 3113 398 3177 damus
420 3116 450 3173 et
470 3131 523 3174 nos
545 3114 761 3175 communicare
783 3133 850 3175 cum
873 3119 915 3177 eis
937 3117 1079 3177 debemus
1095 3113 1220 3194 jejunio,
1241 3135 1332 3178 unam
1352 3119 1407 3178 aut

295 3213 324 3275 ll
345 3212 519 3275 ebdomadas
540 3217 591 3274 aut
609 3217 751 3291 quantum
770 3234 942 3295 possumus,
963 3219 1070 3279 utnon
1089 3217 1203 3280 dicatur
1223 3214 1281 3300 α’)
1302 3215 1406 3290 nobis,

295 3313 372 3393 quod
397 3314 507 3376 dictum
532 3311 610 3399 081²)
636 3316 838 3379 sacerdotibus
862 3315 1041 3379 ludaeorum
1055 3314 1097 3399 3)τ
1128 3319 1191 3380 Vae
1216 3316 1300 3381 uobis
1327 3317 1407 3396 legis

294 3417 411 3496 peritis,
434 3416 484 3493 qni
502 3416 667 3493 adgravatis
685 3416 818 3481 homines
837 3421 867 3478 et
883 3418 1029 3495 imponitis
1049 3437 1138 3499 super
1153 3419 1277 3482 humera
1296 3435 1406 3481 eorum

293 3533 382 3578 onera
403 3517 503 3594 gravia
525 3519 554 3576 et
577 3517 786 3597 importabilia,
814 3519 871 3597 ipsi
894 3521 993 3581 antem
1019 3537 1078 3581 uno
1104 3520 1193 3598 digito
1216 3521 1317 3582 restro
1342 3537 1405 3582 non

292 3617 409 3696 tangitis
431 3619 560 3680 sarcinas
581 3619 669 3698 ipsas.

355 3719 449 3779 Nemo
471 3719 548 3778 enim
572 3722 667 3799 potest
688 3718 842 3781 sublevare
864 3721 1017 3783 cadentem
1039 3721 1094 3783 snb
1119 3722 1248 3803 pondere
1273 3723 1328 3784 nisl
1355 3725 1407 3784 iu-

292 3817 443 3880 clinaverit
469 3837 517 3895 se,
546 3822 580 3881 nt
607 3822 736 3901 porrigat
763 3823 791 3883 ei
818 3840 949 3885 manum.
985 3823 1089 3903 Neque
1113 3824 1190 3886 ullus
1215 3824 1404 3886 medicorum

290 3917 413 4080 fvulnera
449 3918 660 3983 infirmantium
695 3938 799 3986 curare
833 3926 946 4004 potest,
981 3924 1038 3987 nisi
1073 3923 1214 3987 fetoribus
1249 3925 1404 4007 particeps

303 4017 388 4080 uerit.
427 4069 430 4072 .

343 4340 369 4403 1)
389 4339 452 4392 cod.
471 4337 522 4392 llil
543 4337 623 4390 deest.

342 4422 372 4490 2)
390 4425 454 4478 cod.
473 4425 525 4477 111
544 4425 585 4476 sit

343 4511 370 4576 a)
389 4511 452 4564 cod.
471 4513 522 4566 111
541 4513 629 4566 addit:
653 4517 685 4569 da
701 4521 790 4569 nostro
808 4517 940 4570 salvatore.
