3108 5098
701 361 751 436 87

172 557 293 620 assidue
313 557 441 635 loquitur
459 556 583 620 verbum
604 559 748 630 otiosum,
777 575 844 618 cum
864 553 1002 637 psalmis,
1031 561 1061 618 et
1082 557 1274 632 orationibus,

174 661 206 717 et
226 656 332 734 vigiliis
354 657 493 730 assiduis,
516 659 632 721 veniam
655 677 672 718 a
695 656 756 718 Deo
778 674 921 734 quaerere
942 657 1037 718 debet.

464 839 660 895 xxxvll.
697 841 742 891 DE
762 839 997 892 CUlllOSlTATE.

239 964 267 1031 s.
286 960 314 1020 1.
336 957 433 1022 Grave
454 976 581 1035 namque
603 961 757 1020 curiositas
778 962 824 1019 est
842 961 963 1032 vitium,
990 972 1066 1038 quae
1088 960 1159 1020 dum
1179 958 1276 1037 cujus-

176 1060 248 1121 libet
261 1063 390 1120 mentem
405 1060 441 1120 ed
456 1059 684 1136 investigandam
698 1062 789 1123 vitam
804 1061 928 1139 proximi
944 1061 1073 1121 exterius
1088 1059 1177 1134 ducit,
1198 1078 1276 1120 sem·

177 1179 230 1240 per
251 1161 277 1220 ei
300 1179 353 1221 sua
378 1162 480 1220 intima
501 1159 665 1232 abscondit,
694 1161 728 1220 ut
751 1160 845 1219 aliena
866 1160 960 1219 sciens
982 1177 1015 1220 se
1037 1143 1155 1222 nesciat.
1200 1163 1228 1232 §.
1245 1159 1275 1222 2.

178 1261 336 1322 Curiositas
360 1260 523 1336 periculosa
547 1261 743 1338 praesumptio
768 1263 822 1321 est.
864 1259 949 1321 Multi
973 1259 1095 1321 aliomm
1121 1260 1192 1323 vitia
1216 1259 1276 1320 dis·

178 1364 316 1432 cernunt,
338 1377 391 1421 sua
411 1379 467 1419 non
489 1361 649 1440 aspiciunt;
672 1365 701 1420 et
723 1378 790 1420 cum
812 1362 867 1440 ipsi
890 1362 1024 1421 maximis
1045 1360 1214 1422 criminibus
1235 1365 1280 1420 te·

178 1464 304 1520 neantur
323 1459 456 1532 obnoxii,
482 1461 603 1522 minima
625 1465 743 1538 peccata
761 1459 899 1522 iratribus
917 1480 972 1521 non
988 1460 1146 1521 dimittunt.
1190 1457 1280 1533 Quis·

179 1560 245 1637 quis
266 1577 335 1636 ergo
354 1561 530 1621 curiositatis
543 1562 613 1621 sitio
632 1561 798 1637 implicatus
814 1564 875 1633 est,
897 1561 989 1622 discat
1003 1561 1148 1622 veraciter
1162 1561 1280 1640 propria

179 1661 325 1721 discutere
345 1662 435 1733 sitia,
462 1662 613 1738 alienaque
633 1665 787 1732 omittere,
815 1679 991 1740 semperque
1014 1679 1081 1722 oum
1104 1660 1189 1720 bonis
1211 1679 1281 1740 ope·

178 1760 276 1833 ribus,
299 1763 441 1838 quantum
457 1761 600 1838 potuerit,
622 1762 705 1821 curet
719 1760 886 1821 emundare.

180 1942 400 1998 xxxvlll.
437 1945 482 1994 DE
506 1943 680 1998 BAPTISMO
704 1941 915 2002 ΕΕΙΤΕΕΑΤΟ,
942 1944 986 1996 ΕΤ
1011 1943 1056 1994 bu
1082 1942 1196 1995 ΟΡΕΕΕ
1219 1941 1277 1994 niu

336 2030 523 2089 DOMlNlCO,
542 2027 588 2080 ΕΤ
606 2030 664 2094 QUI
682 2031 741 2080 uls
760 2030 931 2092 bomiulco
950 2029 1130 2083 JEJUNANT.

244 2152 273 2220 §-
294 2147 322 2209 1.
351 2146 410 2222 Qui
431 2148 476 2209 bis
497 2148 633 2228 baptizati
655 2151 723 2209 suut
743 2148 926 2225 ignoranter,
948 2167 1005 2210 non
1024 2149 1153 2226 indigent
1173 2167 1225 2229 pro
1244 2164 1281 2212 eo

181 2248 376 2329 poenitentia,
398 2247 454 2308 nisi
476 2247 568 2324 quod,
590 2247 751 2308 secundum
770 2263 911 2318 canones,
934 2265 989 2308 non
1010 2253 1133 2327 possunt
1146 2249 1282 2323 ordinari,

183 2348 239 2408 nisi
258 2365 311 2426 pro
331 2363 435 2424 magna
458 2348 641 2408 necessitate.
685 2349 712 2417 §.
730 2346 759 2407 2.
782 2343 840 2418 Qui
861 2352 959 2408 autem
978 2365 1033 2408 non
1050 2349 1215 2425 ignoranter
1228 2351 1284 2410 ite·

182 2465 249 2509 rum
271 2446 406 2527 baptizati
427 2449 510 2518 sunt,
539 2447 622 2523 quasi
646 2448 753 2507 iterum
776 2445 922 2507 Christum
946 2447 1167 2521 crucifixerunt,
1196 2448 1247 2510 Vl.
1260 2449 1283 2526 ¹)

183 2565 274 2608 annos
296 2531 480 2625 poeniteant,
501 2545 567 2606 1111.
590 2549 619 2606 et
639 2545 689 2606 Vl.
712 2545 799 2617 teria,
821 2548 850 2604 et
872 2545 924 2605 Ill.
946 2546 1060 2621 XL¹¹¹·,
1094 2550 1120 2608 si
1140 2565 1192 2627 pro
1212 2549 1284 2611 uitio

182 2647 279 2724 aliquo
299 2645 414 2717 iecere;
436 2647 460 2706 si
480 2649 579 2706 autem
600 2662 653 2724 pro
670 2645 810 2707 munditia
825 2645 937 2706 licitum
952 2648 1106 2724 putavere,
1128 2647 1179 2708 lll.
1193 2666 1284 2710 annos

183 2747 366 2826 poeniteant,
394 2747 470 2807 sicut
493 2746 723 2824 suprascriptum
746 2748 800 2804 est
852 2748 880 2816 §.
905 2745 935 2806 3.
962 2745 1069 2808 Mulier
1090 2747 1283 2828 paupercula,

184 2849 209 2907 si
229 2846 356 2908 secunda
376 2849 442 2907 vice
463 2844 555 2906 lilium
576 2844 750 2924 baptizavit,
773 2848 806 2904 ut
827 2845 893 2905 inde
915 2845 1023 2924 aliquid
1042 2848 1193 2924 adquirat,
1216 2847 1283 2910 1111.

184 2963 277 3008 annos
297 2945 452 3024 poeniteat.
495 2947 524 3015 5.
540 2941 569 3003 la.
591 2943 622 3004 Si
638 2944 705 3019 quis
724 2941 851 3020 baptizat
866 2962 919 3023 pro
933 2947 1114 3019 temeritate,
1136 2964 1193 3008 non
1207 2947 1286 3008 ordi·

184 3051 289 3116 natus,
311 3043 490 3123 abjiciendus
510 3046 555 3104 est
577 3046 660 3104 extra
682 3042 871 3116 aecclesiam,
893 3047 923 3104 et
944 3063 1104 3123 numquam
1125 3047 1285 3108 ordinetur.

185 3151 214 3218 ς.
230 3141 261 3205 b.
281 3144 313 3206 Si
332 3145 398 3223 quis
418 3142 568 3204 ordinatus
588 3145 632 3203 est
653 3159 706 3222 per
721 3142 929 3219 ignorantiam,
951 3148 1107 3222 antequam
1122 3145 1286 3226 baptizatus

184 3247 238 3318 sit,
261 3243 347 3304 debet
367 3243 508 3323 baptizari
529 3244 579 3319 qui
601 3241 637 3302 ab
659 3242 707 3302 illo
728 3243 828 3318 gentili
849 3243 1015 3322 baptizatus
1035 3245 1149 3317 luerat,
1171 3249 1202 3305 et
1223 3248 1286 3325 ipse

185 3361 242 3404 non
262 3343 421 3404 ordinetur.
462 3341 528 3402 Hoc
548 3343 655 3402 itemm
676 3342 839 3402 altomano
860 3343 998 3420 pontifice
1017 3346 1287 3425 sedisapostolicae

185 3445 270 3506 aliter
287 3443 448 3522 judicatum
469 3444 534 3514 est;
559 3443 700 3502 asseritur
715 3442 830 3518 itaque,
852 3445 955 3504 utnon
970 3444 1058 3505 homo
1073 3447 1123 3521 qui
1141 3443 1288 3523 baptizat,

186 3543 255 3606 licet
276 3545 483 3621 sitpaganus,
504 3541 555 3602 sed
569 3541 694 3621 Spiritus
707 3542 762 3603 Dei
782 3540 982 3603 subministret
1003 3545 1126 3618 gratiam
1140 3543 1288 3620 baptismi.

187 3641 245 3704 Sed
268 3647 298 3703 et
318 3642 388 3703 illud
410 3641 446 3701 de
469 3640 631 3720 presbitero
652 3659 781 3720 pagano,
803 3644 852 3720 qui
873 3657 906 3702 se
926 3641 1106 3720 baptizatum
1121 3643 1288 3717 existimat,

187 3743 276 3804 tidem
298 3740 470 3804 catholicam
493 3740 630 3820 operibus
652 3745 775 3814 tenens,
807 3741 891 3801 aliter
912 3757 1028 3818 quoque
1052 3741 1106 3802 hoc
1125 3742 1289 3821 judicatum

189 3847 250 3914 est,
270 3842 356 3904 aliter
374 3841 448 3902 baec
465 3839 572 3919 judicia
586 3840 712 3913 habent3
735 3841 840 3913 idest,
861 3843 895 3900 ut
909 3839 1072 3920 baptizetur
1085 3844 1115 3901 et
1129 3841 1289 3903 ordinetur.

190 3947 219 4015 §-
233 3943 264 4004 o.
287 3941 341 4002 Die
354 3942 507 4003 Dominico
523 3937 609 4000 Greci
633 3943 661 4000 et
676 3941 799 4001 Romani
811 3939 835 4012 ²)
858 3942 994 4018 navigant
1014 3945 1045 4001 et
1064 3943 1212 4018 equitant3
1234 3959 1290 4002 non

188 4042 299 4104 iaciunt
318 4059 440 4120 panem,
469 4058 524 4100 nec
544 4042 573 4101 in
594 4059 683 4101 curru
703 4038 871 4113 ambulant,
893 4041 949 4101 nisi
971 4040 1009 4102 ad
1031 4041 1202 4102 aecclesiam
1226 4045 1291 4101 tan·

124 4203 126 4211 ,
189 4147 271 4214 tum,
293 4159 347 4200 nec
370 4140 515 4200 balneant.
539 4144 588 4211 »8.
609 4139 638 4198 7.
659 4136 745 4199 Greci
765 4140 917 4200 Dominico
939 4139 985 4201 die
1006 4159 1062 4200 non
1085 4141 1217 4202 scribunt
1237 4157 1292 4219 pu·

189 4242 280 4316 blice,
301 4245 399 4302 umen
421 4258 473 4318 pro
493 4241 666 4300 necessitate
687 4257 821 4300 seorsum
839 4239 867 4300 in
882 4239 968 4300 domo
983 4240 1124 4302 scribunt.
1168 4244 1197 4312 §.
1211 4238 1242 4302 8.
1265 4241 1292 4302 Α

260 4445 295 4602 bt)
306 4449 368 4591 balab
383 4449 503 4600 ibalmm
520 4545 568 4588 nce
585 4533 716 4600 aqadtmtr
732 4533 763 4588 Ρ.
781 4533 812 4600 Q.
