3094 5100
788 327 860 404 lla

272 529 360 602 simi,
381 527 498 590 afflictio
513 529 541 588 in
557 527 714 607 prosperis.
750 526 796 588 De
810 543 886 588 vana
900 521 1008 603 gloria,
1025 525 1182 605 jactantia,
1204 531 1378 606 arrogantia,

272 629 440 705 indignatio,
463 629 620 697 discordia,
642 628 735 688 inanis
756 627 864 704 gloriae
886 627 989 708 cupido
1010 630 1041 687 et
1061 627 1234 708 hypocrisis.
1266 630 1311 690 Ile
1333 630 1379 692 ira

105 786 121 810 ,ἶ
137 771 147 810 ‚¹
271 730 403 791 oriuntur
423 731 520 803 rixae,
545 732 643 790 tumor
663 731 787 800 mentis,
814 727 1023 800 contumeliae,
1048 727 1175 801 clamor,
1202 728 1378 806 indignatio,

104 843 112 869 f
145 863 148 869 ,
272 821 497 910 praesumptio,
518 827 733 908 blasphemiae,
766 828 914 904 sanguinis
941 827 1062 900 allusio,
1094 827 1266 900 homicidia,
1304 828 1379 890 ulci-

104 911 112 920 ’
163 915 182 990 ’Ῑ
272 929 371 989 scendi
393 910 551 1012 cupiditas,
574 928 745 1006 injuriarum
764 928 914 990 memoria.
952 925 995 986 De
1013 928 1131 988 tristitia
1148 929 1275 988 nascitur
1292 928 1380 990 mali-

105 1039 108 1048 ·
132 1099 134 1106 Ι
163 1101 187 1108 Η
273 1029 329 1102 tia,
350 1047 452 1092 rancor
474 1029 579 1103 animi,
602 1027 839 1110 pusillanimitas,
862 1027 1042 1099 amaritudo,
1065 1027 1246 1108 desperatio,
1267 1031 1378 1108 torpor,

271 1130 387 1205 vagatio
413 1131 537 1202 mentis,
565 1147 654 1209 saepe
682 1131 771 1190 etiarn
799 1132 828 1189 et
850 1128 1011 1206 praesentis
1031 1129 1116 1190 vitae
1142 1130 1269 1190 maxima
1298 1129 1379 1188 dele-

272 1231 369 1290 ctatio.
404 1227 447 1289 De
461 1229 582 1292 avaritia
597 1229 729 1289 oriuntur
745 1228 885 1300 invidiae,
908 1226 1000 1302 lurta,
1022 1228 1187 1302 latrocinia,
1210 1227 1379 1303 homicidia,

272 1328 438 1401 mendacia,
467 1327 610 1410 perjuria,
637 1331 773 1406 rapinae,
802 1328 987 1408 inquietudo,
1012 1328 1184 1401 violentiae,
1206 1327 1312 1407 injusta
1331 1326 1379 1406 ju-

266 1429 365 1512 dicia,
388 1431 571 1508 contemptus
586 1429 734 1502 veritatis,
757 1427 855 1490 lutura
876 1426 1063 1490 beatitudinis
1081 1427 1202 1500 oblivio,
1223 1428 1379 1490 obduratio

266 1529 377 1610 cordis.
413 1529 456 1589 De
474 1529 585 1592 ventris
602 1529 730 1606 ingluvie
748 1531 925 1609 propagatur
942 1529 1040 1608 inepta
1058 1529 1184 1600 laetitia,
1206 1528 1378 1602 scurrilitas,

272 1629 389 1703 levitas,
416 1629 633 1708 vaniloquium,
667 1629 852 1690 immunditia
879 1630 1023 1708 corporis,
1057 1629 1228 1692 instabilitas
1251 1630 1378 1703 mentis,

272 1717 415 1803 ebrietas,
437 1730 539 1802 libido,
561 1728 708 1790 hebetudo
729 1747 843 1789 sensus
879 1729 923 1789 De
943 1729 1058 1790 luxuria
1076 1732 1234 1806 generatur
1251 1730 1379 1790 caecitas

272 1832 394 1904 meotis,
415 1829 652 1902 inconsideratio,
675 1829 882 1900 inconstantia,
904 1827 1055 1890 oculorum
1074 1828 1120 1916 vel
1139 1830 1228 1890 totius
1246 1830 1379 1907 corporis

267 1917 486 2010 praecipitatio,
516 1948 598 1990 amor
626 1929 835 1989 immoderatus
861 1929 924 2000 sui,
951 1929 1050 1990 odium
1075 1929 1278 1992 mandatorum
1303 1929 1378 2000 Dei,

267 2013 393 2092 'allectus
414 2032 576 2111 praesentis
598 2029 706 2104 seculi,
732 2029 835 2090 horror
857 2031 887 2088 et
907 2028 1070 2108 desperatio
1092 2017 1193 2090 luturi.

687 2213 964 2227 Q

696 2362 849 2416 carnut.
874 2363 950 2414 xllr.

294 2483 333 2532 bc
350 2482 500 2542 virtutibus,
519 2482 615 2546 quibus
633 2483 724 2534 eadem
742 2482 802 2534 vitia
822 2483 935 2545 superari
954 2487 1077 2546 possunt:
1103 2487 1128 2532 ct
1146 2481 1178 2534 de
1196 2481 1362 2534 conclusione

735 2570 917 2634 poenitentiae.

334 2704 411 2781 Ergo
432 2706 458 2766 si
480 2703 625 2784 superbus
645 2704 724 2766 luisti
743 2705 956 2782 usquemodo,
978 2703 1099 2767 humilia
1117 2706 1244 2785 teipsum
1262 2707 1289 2764 in
1309 2723 1379 2766 con-

267 2799 373 2886 'spettu
395 2807 459 2867 Dei.
496 2804 527 2865 Si
549 2821 654 2867 ranam
677 2805 798 2882 gloriam
820 2805 962 2878 dilexisti,
985 2806 1078 2882 cogita
1100 2823 1137 2865 ne
1157 2808 1277 2885 propter
1297 2807 1379 2866 tran-

272 2907 401 2966 sitoriam
420 2905 552 2978 laudem,
576 2907 725 2968 aeternam
744 2906 849 2986 perdas
867 2906 1042 2968 mercedem.
1079 2905 1111 2968 Si
1132 2905 1256 2968 invidiae
1274 2905 1379 2984 rubigo

272 3008 302 3066 te
320 3006 378 3067 huc
394 3023 488 3082 usque
505 3007 703 3085 consumpsit,
725 3007 802 3084 quod
822 3009 867 3067 est
888 3001 1040 3086 peceatum
1057 3007 1221 3067 maximum
1238 3009 1268 3066 et
1287 3023 1378 3084 super

272 3107 369 3167 omnia
390 3105 579 3177 detestabile,
608 3107 678 3184 quia
702 3105 814 3168 diabolo
837 3109 1022 3184 comparatur
1047 3107 1178 3181 invidus,
1208 3109 1259 3184 qui
1283 3108 1379 3188 primo

272 3206 381 3266 homini
403 3205 506 3269 invidit
526 3206 645 3280 datum,
675 3207 752 3282 quod
778 3207 919 3284 ipseper
945 3224 1029 3268 suam
1056 3205 1170 3284 culpam
1196 3206 1379 3286 perdiderat,

272 3323 326 3381 age
347 3307 571 3386 poenitentiam;
601 3310 631 3366 et
652 3306 815 3386 proiectum
837 3306 978 3378 aliorum,
1008 3310 1092 3368 tuum
1114 3307 1231 3387 deputa.
1271 3308 1303 3369 Si
1324 3310 1380 3369 tri-

272 3407 353 3468 stitia
379 3409 408 3466 te
438 3410 575 3486 superat,
607 3407 775 3486 patientiam
808 3410 836 3466 et
867 3406 1117 3482 longanimitatem
1147 3407 1298 3471 meditare.
1345 3406 1379 3468 Si

273 3507 417 3581 avaricie,
442 3507 562 3568 morbus
583 3509 614 3566 te
635 3511 754 3585 gravat,
779 3509 873 3584 cogita
894 3507 971 3585 qudd
992 3508 1075 3568 radix
1096 3511 1142 3568 est
1162 3510 1292 3569 omniurn
1314 3526 1380 3570 ma·

271 3607 383 3678 lorum,
405 3611 435 3668 et
451 3607 629 3668 idololatriae
647 3610 851 3687 eomparatur:
873 3609 903 3666 et
918 3608 983 3670 ideo
998 3609 1111 3686 largum
1127 3611 1158 3669 te
1173 3627 1239 3670 osse
1252 3611 1378 3688 oportet.

272 3704 305 3768 Si
333 3709 377 3770 ira
405 3711 436 3766 te
463 3711 567 3781 vexat,
605 3725 681 3784 qnae
710 3709 739 3767 in
769 3707 924 3768 stultorum
954 3710 1019 3770 sinu
1047 3710 1206 3786 requiescit
1235 3707 1379 3772 dominari

102 3773 121 3906 :¹¹
219 3837 222 3842 ·
271 3807 361 3869 debes
388 3810 486 3868 anirno
513 3812 579 3880 tuo,
609 3810 639 3867 et
666 3807 742 3869 hanc
770 3809 788 3870 h
814 3811 844 3868 te
867 3811 975 3870 mentis
1002 3809 1210 3886 tranquillitate
1231 3808 1307 3886 luga.
1346 3805 1379 3870 Si

270 3910 383 3972 ventris
397 3907 541 3984 ingluvies
554 3911 584 3968 te
598 3908 635 3971 ad
651 3905 849 3972 devorandum
863 3909 1025 3987 protrahit,
1047 3908 1236 3973 sobrietatem
1253 3913 1379 3972 sectme.

270 4009 302 4072 Si
324 4009 454 4082 luxuria,
479 4011 644 4071 castitatem
664 4027 750 4072 vove.

334 4109 492 4188 Postquam
514 4109 551 4170 de
572 4109 618 4170 his
639 4109 723 4170 lactis
751 4108 900 4171 confessus
926 4109 997 4179 luit,
1025 4112 1096 4172 tuno
1120 4110 1198 4173 dieat
1224 4109 1379 4173 sacerdos:

270 4210 465 4287 Recognoscis
486 4213 517 4270 te
537 4227 604 4270 esso
624 4208 800 4287 arlpabilem
821 4209 859 4268 da
880 4207 1016 4270 omuibus
1040 4211 1169 4288 peccatis
1194 4211 1270 4282 tuis,
1300 4225 1379 4288 quas

271 4314 337 4391 post
357 4309 537 4388 baptismum
558 4308 674 4370 sciendo
693 4308 741 4373 vel
763 4307 918 4370 nesciendo
943 4309 1122 4383 recordaris,
1152 4310 1180 4368 in
1207 4308 1299 4373 verbo
1327 4311 1380 4371 ant

271 4411 300 4472 in
327 4427 433 4490 opere,
460 4413 513 4472 aut
537 4411 707 4488 cogitatione
732 4412 832 4474 contra
856 4410 1027 4472 mandatum
1052 4409 1107 4471 Dei
1132 4410 1250 4490 egisset
1285 4409 1379 4490 Resp.

271 4509 356 4576 taoio.
752 4546 755 4554 ·
1005 4545 1008 4555 ·
