3094 5100
804 343 876 424 tot

353 542 384 605 Si
408 541 473 620 quis
498 560 606 606 vacans
630 557 863 610 uxoremsuam
890 538 1063 624 11011ιί147)
1090 545 1121 602 et
1143 541 1246 620 polluit
1269 554 1302 608 se
1319 559 1397 608 :oum

290 642 428 716 alterius,
454 641 483 702 ll
508 660 597 704 annos
618 643 757 720 peniteat.
798 642 828 704 Si
850 645 992 706 uxoratos
1012 659 1080 703 cum
1099 629 1399 719 virginefornicave·

290 743 345 816 rit,
372 741 506 824 similiter
530 743 558 803 ΙΙ
583 760 674 804 annos
695 743 842 820 peniteat,
868 744 908 803 ita
926 729 1055 824 primum
1074 742 1223 814 omnium,
1248 745 1321 804 uta
1342 759 1399 803 sna

290 861 323 906 se
352 844 511 916 contineat,
544 844 569 904 si
595 843 626 902 ci
654 844 833 904 consenserit
860 861 951 915 uxor,
982 841 1110 920 alioquin
1140 840 1262 905 addatur
1291 841 1398 906 modus

290 945 476 1022 penitentiae.
518 941 551 1002 Si
573 944 713 1004 uxoratus
737 935 856 1004 alterins
876 941 997 1008 uxorem
1020 941 1150 1014 duxerit,
1170 939 1213 1002 lll
1233 959 1324 1003 annos
1345 959 1399 1021 pe·

290 1043 397 1117 niteat,
425 1043 525 1121 primo.
541 1042 646 1103 horum
668 1063 685 1114 a
710 1060 824 1105 suase
849 1029 1002 1105 abstineat.
1044 1041 1080 1106 Si.
1098 1031 1238 1106 uxoratus
1262 1035 1399 1114 ancillam

291 1160 376 1204 suam
398 1131 529 1216 duxerit,
553 1143 695 1212 annuml
717 1143 864 1227 peniteat,
886 1145 915 1206 et
937 1146 1000 1204 tres
1020 1141 1258 1221 quadragesimas
1278 1144 1309 1201 et
1325 1141 1399 1220 legi·

290 1244 378 1304 fimas
406 1242 504 1306 ferias
523 1245 554 1302 et
581 1228 675 1307 tribus
700 1242 848 1305 mensibus
870 1244 952 1322 prius
978 1261 996 1302 a
1020 1260 1074 1304 sua
1100 1260 1132 1304 se
1156 1237 1309 1303 abstineat.
1345 1239 1400 1302 llla

290 1359 362 1405 vero
392 1343 418 1403 si
445 1342 541 1402 invita
569 1359 656 1418 passa
680 1345 741 1414 est,
770 1341 827 1402 XL
852 1341 924 1401 dies.
970 1342 1046 1404 Nam
1073 1342 1098 1404 si
1122 1322 1266 1406 continens
1287 1349 1328 1401 eet
1342 1335 1400 1419 ⁴⁸),

289 1445 352 1506 tres
372 1440 610 1526 quadragesimas
626 1444 660 1522 et
682 1441 826 1519 legitimas
847 1441 945 1504 ferias.
987 1442 1130 1504 Silaicus
1150 1459 1218 1506 cum
1240 1440 1329 1512 laica,
1356 1437 1399 1498 lll

292 1559 385 1608 annos
414 1542 579 1621 peniteant,
612 1546 642 1603 et
670 1542 785 1620 quando
814 1543 913 1622 sepius
941 1545 971 1602 et
997 1535 1190 1624 negligentius
1216 1559 1258 1603 aa.
1278 1542 1400 1619 peccata

292 1641 495 1714 committunt,
517 1645 598 1702 tanto
619 1643 715 1720 majos
729 1637 767 1723 ⁴⁹)
788 1645 905 1720 tempus
925 1641 1048 1706 addatur
1071 1647 1100 1702 el
1120 1633 1234 1702 modus.
1271 1637 1330 1713 Qui
1355 1638 1401 1698 di-

293 1741 408 1802 miserit
441 1757 565 1802 uxorem
600 1759 684 1803 suam
721 1744 750 1801 et
784 1741 906 1808 alterius
942 1759 975 1809 se
1010 1738 1174 1820 conjungit,
1217 1740 1273 1804 Vll
1309 1756 1399 1800 annos

293 1842 431 1924 peniteat.
1217 1865 1219 1868 ·
1290 1853 1292 1858 ·

353 1940 460 2002 Laicus
485 1938 635 2002 maculans
659 1957 691 2000 se
715 1957 781 2024 cum
805 1939 909 2002 ancilla
934 1939 997 2011 dei,
1030 1938 1067 2026 ll
1081 1958 1171 2002 annos
1200 1941 1345 2019 peniteat,
1374 1939 1399 1998 si

293 2040 427 2117 gennerit
453 2056 490 2098 ex
519 2057 554 2099 ea
582 2037 693 2112 filium,
719 2039 766 2100 ·lll
791 2028 881 2104 annos
902 2039 1029 2118 peniteat
1042 2037 1108 2122 ⁵⁰),
1130 2041 1156 2101 si
1180 2041 1244 2100 sine
1267 2035 1399 2116 conjugio

293 2142 377 2212 aunt,
404 2137 447 2199 lll
469 2139 715 2215 quadragesimas.
759 2136 887 2213 Quidam
915 2138 972 2200 XL
1000 2138 1062 2200 dies
1082 2137 1229 2218 judicant,
1255 2140 1351 2202 idest
1373 2140 1398 2200 si

292 2237 471 2299 consuetudo
498 2241 543 2297 est
568 2236 735 2312 fornicandi.
772 2239 819 2302 Sic
838 2242 876 2310 ,et
901 2240 983 2316 virgo
1007 2240 1251 2314 sanctimonialis,
1278 2241 1304 2308 si
1330 2256 1399 2301 cum

295 2336 377 2400 laicis
398 2338 461 2398 sine
482 2335 574 2414 gradu
596 2337 672 2410 sicut
693 2337 791 2398 clerici
812 2339 950 2417 peniteat.
1125 2328 1126 2332 ’
1339 2329 1342 2334 ’

310 2459 313 2465 ·
357 2435 416 2511 Qui
443 2438 578 2501 canonici·
597 2439 666 2498 sunt
687 2441 716 2498 et
738 2435 934 2512 fornicantur,
963 2437 976 2498 l
999 2433 1107 2500 annum
1127 2442 1274 2520 peniteant
1289 2437 1346 2522 ⁵¹),
1374 2441 1399 2501 si

294 2532 480 2616 frequenter,
503 2537 541 2612 ll
555 2556 655 2599 annos.

358 2638 487 2701 Clericus
513 2639 576 2699 sine
601 2641 669 2701 voto
695 2637 828 2699 monachi
852 2637 1072 2700 fornicationem
1098 2638 1223 2714 faciens,
1239 2642 1265 2703 ¹l
1289 2659 1399 2704 annum

292 2740 436 2818 peniteat,
461 2738 490 2798 si
510 2737 695 2814 frequenter,
724 2738 752 2799 ll
773 2755 873 2824 annos.
906 2734 1017 2811 ¹Quiin
1038 2740 1130 2820 gradu
1152 2724 1215 2814 est,
1237 2743 1320 2810 sicut,
1335 2761 1399 2804 mo·

295 2838 407 2900 nachus
429 2836 471 2898 lll
492 2855 583 2898 annos
604 2823 744 2915 peniteat.
772 2821 775 2826 ¹
1032 2845 1034 2848 “

357 2937 526 3000 Theodorus
547 2938 634 3000 dixit:
648 2969 650 2974 .
662 2935 823 3001 monachus
844 2929 958 3008 fauens
976 2938 1212 3014 fornicationem,
1235 2940 1289 3004 Vll
1308 2959 1398 3004 annos

263 3041 268 3044 “
292 3039 431 3114 peniteat.
448 3035 498 3096 [Si
518 3038 681 3098 ,monachus
703 3056 831 3116 querens
853 3037 1071 3100 fornicationem
1097 3045 1128 3101 et
1152 3059 1208 3102 non
1231 3042 1398 3115 inveniens,

292 3153 404 3198 *annum
425 3135 439 3196 l
461 3138 589 3216 peniteat
611 3141 641 3197 et
662 3139 760 3198 semis.
866 3145 868 3150 ’
995 3205 997 3211 A

355 3233 430 3294 llem
451 3231 613 3296 monachus
635 3234 744 3298 faciens
769 3236 988 3301 fornicationem
1009 3257 1076 3301 cum
1096 3241 1211 3322 puella,
1241 3240 1283 3304 lll
1305 3260 1396 3306 annos
1444 3264 1446 3268 ¹

293 3335 433 3415 peniteat.
701 3401 703 3404 ,

338 3431 389 3494 ·Si
417 3451 485 3498 cum
514 3437 731 3500 sanctimoniale
757 3437 918 3516 fornicatos
933 3435 987 3521 ⁵¹),
1012 3430 1071 3501 'vll
1099 3459 1206 3522 annos,
1236 3441 1398 3504 monachus

293 3537 356 3597 sine
384 3534 492 3613 gradu,
530 3537 554 3597 si
582 3555 649 3598 cum
679 3537 782 3625 puella
800 3539 961 3620 fornicatos
977 3537 1031 3622 ⁵³),
1069 3540 1111 3601 lll
1141 3561 1232 3603 annos
1260 3544 1397 3624 peniteat.

292 3635 428 3700 Monachi
459 3649 528 3698 cum·
557 3637 649 3714 gradu
680 3635 899 3699 fornicationem
927 3637 1082 3714 facientes,
1115 3639 1171 3702 Vll
1187 3659 1290 3703 »annos
1314 3641 1397 3720 perst-

345 3927 389 3989 t'l)
408 3928 523 3980 Verbum
543 3965 557 3993 „
565 3929 670 3980 dimittit
677 3931 691 3959 ¹¹
711 3930 743 3981 ab
761 3929 851 3982 eadem
866 3931 971 3994 quidem
984 3944 1062 3983 manu
1079 3934 1125 3984 sed
1141 3891 1191 3985 alio
1206 3939 1347 3987 atramento
1363 3935 1395 3990 01

410 4016 550 4078 marginem
568 4018 649 4068 nostri
668 4018 765 4069 codicis
782 4019 939 4081 adscriptum
958 4019 985 4068 in
1005 4020 1092 4070 codice
1111 4021 1160 4073 111
1181 4022 1261 4072 deest.

348 4099 392 4164 18)
412 4103 477 4154 cod.
497 4103 546 4155 111
567 4105 729 4156 consentiens
748 4112 797 4158 est.

345 4187 391 4250 ao)
410 4187 473 4240 Cod.
492 4188 542 4240 111
562 4197 588 4241 et
605 4196 716 4253 tempus.
804 4230 807 4241 .

345 4272 543 4340 11)101.111
563 4277 694 4341 „peniteat
702 4278 716 4308 o
736 4278 815 4330 deest.

346 4361 390 4426 11)
409 4362 542 4416 coditi
564 4365 738 4428 ,peniteantt
760 4366 840 4418 deest.

346 4448 392 4511 aa)
410 4449 473 4502 cod.
492 4450 541 4502 111
563 4449 703 4503 fornicavit.

346 4532 391 4598 aa)
409 4534 473 4588 cod.
492 4535 543 4588 111
563 4535 704 4596 fornicavit.
