3108 5098
700 375 748 454 'ld

173 571 273 632 aanor
292 570 480 632 interdictum
496 568 625 643 Domini,
647 569 757 634 tribuat
776 570 970 648 indigentibus
984 590 1019 634 ea
1034 590 1111 652 quae
1129 575 1275 654 repetivit.

172 675 202 742 §-
218 669 246 729 6.
270 670 399 732 Clericus
420 670 531 732 babens
551 669 712 748 superllua,
735 670 821 732 donet
836 689 871 734 ea
888 671 1083 750 pauperibue;
1106 675 1151 734 sin
1166 677 1275 750 autem,

172 771 451 832 excommunicetur.
494 774 522 841 9.
545 772 575 830 7.
597 769 717 848 Siquis
739 768 829 832 laicus
850 770 1030 832 thesaurizat
1050 771 1106 833 sibi
1127 773 1274 852 superllua

172 871 383 932 incrastinum
404 873 532 946 tempus,
554 869 663 932 tribuat
685 869 734 933 illa
755 869 949 948 pauperibus3
971 872 997 932 si
1019 874 1118 932 autem
1139 872 1195 933 boc
1217 891 1274 936 non

171 969 251 1039 uult,
281 969 380 1032 audiat
408 969 485 1046 quod
511 970 654 1047 scriptum
683 972 743 1029 eet:
783 968 1018 1043 «Thesaurlzat,
1040 974 1070 1030 et
1091 973 1204 1048 ignorat
1224 974 1275 1052 qui

172 1068 357 1144 congregabit
385 1087 420 1132 ea
434 1092 462 1130 n.
503 1067 598 1140 Talis,
627 1070 653 1130 si
681 1069 718 1129 ad
746 1071 952 1147 poenitentiam
982 1087 1140 1133 conversus
1169 1072 1274 1148 luerit,

171 1170 308 1245 primitus
329 1187 364 1232 ea
386 1185 462 1245 quae
483 1167 690 1231 thesaurizavit
712 1167 890 1248 pauperibus
910 1169 1038 1243 tribuat,
1060 1171 1180 1246 deinde,
1197 1171 1275 1250 judi-

171 1270 216 1330 cio
237 1268 413 1338 earcerdctis,¹
426 1268 478 1330 lll.
500 1287 591 1330 annos
612 1271 758 1346 poeniteat
770 1265 804 1347 ¹).
848 1273 876 1340 ς.
899 1268 929 1330 8.
952 1270 1027 1330 ltern
1049 1272 1183 1348 cupidus,
1205 1291 1274 1336 ava·

170 1386 237 1440 rus,
259 1387 366 1447 rapax,
388 1367 542 1446 superbus,
565 1367 706 1434 ebriosus,
728 1367 852 1440 invidus,
873 1367 1029 1438 detractor,
1049 1369 1097 1431 vel
1119 1369 1201 1430 fratri
1220 1389 1274 1434 suo

170 1469 236 1530 odio
256 1469 385 1542 habens,
406 1469 582 1541 maledicus,
604 1472 635 1528 et
655 1468 702 1529 lris
723 1468 839 1542 similla,
861 1485 937 1546 quae
959 1487 1133 1532 enumerare
1154 1470 1273 1548 longunr

170 1571 226 1638 est,
248 1569 300 1630 lll.
318 1586 407 1632 annos
429 1570 605 1646 poeniteant,
627 1571 657 1628 et
675 1565 757 1645 juxta
772 1569 850 1629 vires
865 1586 934 1630 suas
949 1568 1137 1631 elemosinam
1156 1569 1271 1634 iaciant.

394 1777 531 1834 XXVI.
569 1776 615 1828 DE
634 1775 831 1828 EBRlETATE
853 1775 898 1828 Er
916 1777 1055 1828 vorum

235 1899 268 1966 §ss
288 1895 317 1955 1.
341 1894 500 1972 Apostolus
521 1894 607 1955 dicit:
640 1892 771 1970 «Neque
792 1893 896 1954 ebriosi
918 1911 1041 1971 regnum
1062 1893 1117 1956 Dei
1143 1894 1272 1972 posside·

170 1995 279 2056 bunt».
324 2000 351 2067 9.
375 1997 403 2056 2.
427 1995 456 2056 Sl
479 1996 545 2073 quis
567 1995 757 2072 aepiscopus,
780 1993 941 2071 presbiter,
962 1995 1117 2068 diaconus,
1138 1994 1185 2058 uel
1206 1997 1272 2073 quis

169 2098 336 2170 ordinatus,
365 2097 394 2155 in
417 2094 624 2157 consuetudine
644 2093 794 2156 ebrietatis
815 2093 919 2155 vitium
940 2093 1092 2168 babuerit,
1123 2099 1175 2157 aut
1195 2096 1272 2157 desl-

169 2201 236 2268 nat,
257 2198 307 2256 ant
328 2196 497 2274 deponatur.
540 2200 568 2267 §-
591 2192 619 2253 3.
648 2194 678 2255 Si
701 2195 766 2271 quis
789 2193 949 2274 presbiter,
971 2197 1023 2257 aut
1043 2194 1197 2269 diaconus,
1219 2213 1272 2274 per

161 2296 341 2358 ebrietatem
369 2296 511 2356 vomitum
541 2294 625 2367 lacit,
653 2293 719 2354 XL.
741 2293 804 2354 dics
830 2311 897 2356 cum
921 2310 996 2372 pane
1025 2297 1054 2354 et
1075 2311 1152 2372 aqua
1172 2296 1271 2373 poeni-

168 2397 248 2469 teat;
278 2395 471 2456 subdiaconus
499 2391 602 2454 XXX.
630 2394 713 2466 diee3
742 2393 867 2454 clericus
893 2393 984 2467 XX.;
1016 2394 1108 2457 laicus
1129 2393 1197 2456 XV.
1239 2393 1271 2456 Sl

168 2494 329 2557 monachus
358 2513 410 2574 per
431 2494 602 2554 ebrietatem
624 2495 766 2555 vomitum
788 2493 873 2565 lacit,
901 2493 1005 2554 XXX.
1028 2493 1090 2556 dies
1114 2497 1271 2572 poeniteat.

168 2600 196 2667 §-
220 2597 249 2657 [ι.
279 2597 455 2673 AEpiecopus
476 2595 501 2655 si
523 2613 576 2675 per
597 2593 789 2666 ebrietatem,
811 2593 860 2655 rel
878 2594 1086 2665 voracitatem,
1108 2597 1271 2656 evomuerit

168 2696 393 2768 eucharistiam,
415 2695 478 2758 XC.
501 2695 563 2756 dies
584 2695 749 2773 poeniteat3
776 2692 922 2771 presbiter
942 2691 1058 2765 LXX.;
1080 2694 1219 2755 diaconus
1240 2699 1271 2754 et

168 2795 327 2858 monachus
342 2794 405 2856 LX.
416 2795 567 2868 ,clericus
582 2793 663 2865 XL3
687 2794 779 2856 laicus
794 2791 895 2854 XXX.
933 2792 965 2854 Si
980 2792 1156 2856 infirmitatis
1172 2811 1269 2866 cauea,

168 2894 234 2955 Vll.
256 2894 358 2956 diebus
380 2895 598 2971 unusquisqne3
628 2892 748 2970 quidam
770 2893 957 2969 psalterium,
986 2893 1103 2970 quidam
1126 2893 1170 2954 bie
1192 2894 1270 2973 psal·

167 2996 284 3056 terium.
328 2999 356 3067 ς.
379 2993 408 3054 5.
440 2993 471 3054 Sl
492 3011 564 3055 vero
585 2991 760 3058 sacrificium
783 2993 931 3068 inignem
953 2990 1074 3071 projecit
1094 2993 1141 3054 vel
1163 2995 1192 3053 in
1215 2990 1270 3055 llu-

167 3113 245 3162 men‚
268 3093 299 3156 C.
317 3094 573 3172 psalmos-cantet.
596 3098 624 3165 §-
644 3095 674 3154 6.
696 3091 728 3155 Si
751 3111 837 3154 canes
860 3094 1014 3154 comedunt
1035 3093 1096 3180 tale
1115 3095 1269 3164 vomitum,

168 3193 201 3256 C.
224 3194 286 3255 dies
308 3196 463 3272 poeniteat,
486 3195 511 3253 si
533 3195 604 3268 scil3
627 3193 652 3254 si
675 3211 730 3252 non
753 3195 818 3268 scit,
840 3191 903 3254 XL.
946 3199 974 3266 §.
997 3195 1026 3254 7.
1047 3193 1079 3254 Si
1101 3191 1194 3254 fidelis
1216 3192 1269 3254 lai-

167 3311 220 3356 cus
240 3313 293 3374 per
314 3295 475 3372 nequitiam
503 3294 627 3354 inebriat
648 3293 790 3364 alterum,
817 3289 882 3362 XL,
903 3295 966 3356 dies
987 3296 1143 3374 poeniteat.
1187 3297 1215 3366 ς.
1237 3293 1268 3355 8.

166 3395 197 3456 Sl
219 3397 287 3473 quis
308 3392 461 3475 presbiter,
482 3397 534 3456 aut
555 3394 703 3466 diaconus,
725 3393 771 3453 rel
793 3394 963 3467 monachus,
985 3394 1188 3464 subdiaconus,
1209 3394 1268 3454 cle-

167 3495 264 3568 ricus,
292 3498 343 3556 aut
363 3495 471 3567 laicus,
501 3511 553 3572 per
574 3492 790 3565 infirmitatem,
819 3495 963 3555 vomitum
985 3494 1071 3567 lacit,
1099 3495 1161 3554 sine
1182 3493 1267 3573 culpa

167 3598 221 3658 est.
266 3599 294 3668 s.
316 3593 345 3654 9.
374 3595 405 3656 Si
427 3595 493 3672 quis
514 3593 599 3670 longo
620 3597 752 3674 tempore
773 3611 805 3653 se
826 3592 1012 3666 abstinuerit,
1042 3597 1072 3652 et
1092 3594 1122 3651 in
1144 3608 1267 3666 consue-

166 3695 266 3756 tudine
286 3712 341 3755 non
363 3699 426 3756 erat
447 3694 474 3754 ei
496 3694 621 3754 multum
643 3692 744 3752 bibere
764 3693 811 3756 vel
833 3693 1027 3764 manducare,
1051 3695 1102 3756 aut
1123 3708 1177 3768 pro
1196 3710 1267 3770 gau-

166 3795 215 3858 dlo
238 3796 267 3854 in
288 3793 392 3856 Natale
412 3794 548 3866 Domini,
577 3796 628 3854 aut
649 3794 678 3854 in
700 3792 829 3864 Pascha,
856 3795 907 3854 aut
929 3811 981 3870 pro
1003 3789 1124 3869 alicujus
1147 3787 1267 3854 Sancto-

166 3913 232 3956 rum
253 3896 537 3968 commemoratione,
560 3893 685 3956 iaciebat
705 3893 857 3965 vomitum,
879 3897 910 3954 el
930 3895 1000 3954 tunc
1021 3892 1087 3972 plus
1107 3909 1164 3952 uon
1183 3911 1266 3954 acce-

166 3997 209 4074 pit
230 4014 318 4072 quam
339 3994 489 4056 decretum
511 3996 556 4054 est
576 4013 593 4056 a
614 3991 791 4063 senioribus,
813 3991 884 4052 nibil
907 3996 1000 4054 uocet.
1041 3991 1072 4054 Si
1094 3995 1265 4076 aepiscopus

164 4092 300 4171 jusserit,
328 4114 385 4156 non
407 4097 508 4167 nocet,
538 4094 592 4156 nisi
614 4093 677 4172 ipse
702 4092 837 4155 similiter
862 4091 949 4154 laciat
960 4089 995 4174 ²).
1038 4097 1067 4165 §-
1090 4092 1141 4154 10.
1168 4093 1200 4154 Si
1219 4110 1266 4155 sa·

236 4307 264 4369 1)
282 4309 391 4359 mistus
413 4310 558 4356 consecrata
582 4303 631 4355 111.
655 4314 736 4354 annos
760 4303 872 4366 peniteat
889 4301 945 4382 sine
963 4301 1133 4366 pinguedine,
1162 4308 1186 4351 et
1203 4307 1266 4353 tunc

165 4394 345 4444 communicet.
363 4393 393 4444 N.
413 4393 472 4442 add.

233 4480 259 4544 ὓ)
285 4481 312 4532 Si
334 4479 416 4530 laicus
440 4479 524 4529 fldells
548 4492 594 4541 pro
613 4478 734 4530 ebrietate
752 4478 878 4530 vomitum
895 4477 970 4534 lacit,
994 4477 1052 4528 XV.
1072 4475 1126 4526 dies
1145 4475 1265 4537 peniteat.

165 4567 217 4632 Qui
234 4579 294 4618 raro
317 4566 457 4618 inebriatur
475 4572 562 4620 contm
579 4565 684 4618 Domini
706 4566 889 4626 interdictum,
916 4565 940 4616 si
957 4569 1045 4618 rutum
1062 4562 1202 4632 emotimtis
1219 4562 1265 4614 lra-
1316 4576 1318 4580 ’
