3108 5098
704 345 754 424 »88

177 541 280 616 Μ,
307 541 394 604 aliter
414 541 571 619 caligines,
599 540 685 604 aliter
706 541 933 618 mniractiones,
960 543 1047 608 aliter
1067 545 1283 632 combustiones

179 644 293 704 curant.

239 741 332 818 lgitur
363 744 393 802 et
426 739 592 820 spirituales
624 740 729 802 medici
759 741 884 807 dirersis
914 743 1097 806 curationum
1125 743 1282 820 geneffiur

177 843 341 904 animarum
362 841 502 913 vulnera,
529 840 682 916 morbum,
709 841 842 920 culpam,
868 840 999 914 dolores,
1020 843 1217 920 egritudines,
1237 844 1283 906 in·

177 941 391 1018 firmitatesque
413 959 518 1003 sanare
539 940 657 1001 debent.

239 1041 297 1102 Sed
318 1041 387 1118 quia
409 1040 481 1103 haee
502 1059 662 1120 paucorum
685 1040 811 1104 suntad
833 1059 939 1119 purum
962 1041 1089 1104 sciliscet
1107 1045 1212 1106 cuncta
1233 1060 1283 1104 oc·

177 1159 317 1221 gumoens
343 1145 374 1202 et
403 1158 507 1202 curare
535 1145 624 1220 atque
650 1141 686 1204 sd
715 1143 861 1220 integrum
890 1143 993 1204 salutis
1019 1146 1129 1206 statum
1157 1143 1282 1220 qualiter

176 1242 302 1320 debeant
322 1257 477 1302 revocare:
499 1239 623 1318 ideoque
643 1241 691 1304 vel
712 1259 821 1319 pauca,
837 1241 922 1318 juxta
943 1243 1091 1306 seniorum
1113 1241 1281 1306 traditiones

177 1345 208 1404 et
224 1343 309 1421 juxta
329 1360 366 1402 ex
387 1344 471 1420 parte
493 1340 727 1418 intelligentiam:
758 1359 796 1403 ex
817 1345 902 1420 parte
923 1360 1051 1420 namque
1072 1341 1281 1422 prophetamus

176 1446 208 1504 et
226 1459 264 1504 ex
284 1444 367 1522 parte
388 1441 600 1518 cognoscimus,
621 1441 721 1521 eliqua
740 1459 943 1522 proponamos,
965 1441 1044 1520 quod
1064 1440 1100 1504 ad
1115 1441 1280 1504 remedium

175 1543 292 1606 animae
315 1542 451 1620 pertinet.

237 1640 283 1704 De
308 1641 448 1702 remediis
475 1638 631 1701 vulnerum
659 1642 789 1718 priorum
814 1644 930 1718 patrum
952 1639 1135 1702 definitiones
1155 1639 1280 1716 dietarri,

175 1743 251 1805 sacri
277 1741 332 1802 tibi
361 1740 484 1817 eloquii,
515 1741 557 1800 nri
584 1738 754 1802 fidelissime
780 1738 874 1802 irater
897 1743 965 1806 ante
985 1739 1179 1802 medicamina
1200 1757 1281 1802 corn·
1331 1757 1334 1766 ’

176 1837 274 1920 pendii
293 1842 405 1902 ratione
427 1841 606 1902 intimemus.
1235 1847 1238 1852 '

237 1939 336 2004 Prima
356 1941 455 2018 itaque
477 1942 522 2001 est
543 1940 678 2002 remissio
699 1957 757 2018 qua
778 1938 960 2017 baptizamur
981 1920 1104 2016 in‘aqua
1118 1937 1280 2004 seeundum

176 2040 266 2102 illud:
297 2041 354 2101 nisi
380 2041 447 2118 quis
472 2043 595 2102 renatus
624 2039 712 2102 inerit
739 2043 775 2102 'ex
802 2057 879 2118 aqua
902 2042 933 2100 et
953 2040 1077 2119 spiritu,
1104 2057 1161 2102 non
1182 2041 1280 2120 potest

176 2140 277 2202 ridere
297 2157 421 2217 regnum
442 2140 499 2201 dei.

237 2239 370 2302 Secuma
392 2239 522 2301 caritatis
543 2237 666 2300 affectus
688 2241 722 2300 ut
742 2241 787 2300 est
809 2237 894 2300 illud:
914 2239 1103 2300 remittuntur
1118 2238 1145 2300 ei
1159 2223 1279 2318 peccata¹

175 2338 268 2402 multa
289 2340 341 2417 qui
361 2338 463 2400 dilexit
483 2338 618 2400 multum.
1374 2331 1378 2339 '

236 2438 334 2512 Tertia
356 2438 589 2516 elemosynarum
612 2437 735 2510 fructus,
757 2437 918 2500 seeundum
940 2437 1011 2498 hoc:
1032 2437 1108 2500 sieut
1129 2455 1207 2515 aque
1228 2455 1280 2500 ex·

175 2539 281 2616 tinguit
302 2539 416 2613 ignem,
438 2539 478 2598 ita
500 2537 668 2616 elemosyna
689 2537 831 2614 extinguit
852 2540 1014 2618 peccatum.

238 2636 350 2712 Quarta
378 2636 507 2716 prolusio
535 2636 733 2716 laerymarum
760 2636 877 2696 domino
899 2635 1028 2708 dicente,
1059 2635 1127 2712 quia
1148 2633 1229 2698 licvit
1249 2635 1279 2696 in

175 2741 331 2816 conspeetu
359 2753 442 2808 meo,
472 2739 502 2795 et
529 2736 691 2799 ambulavit
719 2736 812 2796 tristis
840 2752 939 2796 coram
967 2753 1032 2808 me,
1062 2751 1120 2796 non
1143 2733 1279 2798 inducam

177 2839 254 2901 mala
276 2839 305 2897 in
328 2835 432 2896 diebus
453 2832 526 2912 ejus.

236 2935 347 3010 Quinta
361 2936 516 2997 criminum
532 2934 686 3008 confessio,
707 2933 859 3014 psalmista
872 2936 1008 3008 testante,
1029 2933 1098 3008 dixi,
1119 2931 1279 2998 confitebor

173 3037 331 3117 iniustitias
348 3053 439 3097 -meas
464 3035 580 3096 domino
607 3037 637 3096 et
657 3037 690 3096 tu
711 3024 851 3096 remisisti
872 3035 1054 3114 impietatem
1075 3036 1188 3114 peccati
1208 3035 1278 3098 mei.

237 3137 326 3200 Sexta
352 3135 469 3198 alilictic
495 3135 591 3197 cordis
618 3138 648 3196 et
669 3137 815 3216 corporis,
845 3135 975 3214 apostolo
996 3135 1181 3198 consulante:
1212 3135 1279 3198 dadi

173 3235 339 3315 hujusmodi
361 3236 509 3298 hominem
532 3237 562 3295 in
584 3237 735 3298 interitum
757 3236 853 3298 carnis
874 3240 1003 3310 satanae,
1026 3239 1060 3297 ut
1081 3238 1201 3316 spiritus
1221 3236 1280 3320 sal-

174 3357 231 3400 rus
252 3337 303 3399 liat
325 3338 353 3396 in
375 3336 453 3398 diem
474 3335 546 3398 lesu
568 3333 686 3398 Christi.

237 3437 369 3516 Septima
396 3436 561 3497 emendatio
587 3455 723 3507 morum,
751 3434 807 3497 hoo
833 3440 879 3496 est
905 3435 1119 3498 abrenuntiatio
1140 3437 1279 3499 vitiorum

174 3537 325 3614 evangelio
346 3539 546 3610 contestante3
572 3534 635 3614 jam
656 3555 745 3597 sanus
766 3535 861 3599 iaetus
883 3554 931 3611 es,
963 3536 1020 3596 noli
1040 3535 1117 3599 ultra
1138 3553 1261 3614 peecare
1268 3579 1277 3610 ,

173 3638 302 3716 nequid
323 3638 375 3699 tibi
397 3637 525 3698 deterius
548 3639 702 3714 contingat.

236 3729 346 3800 Octava
368 3738 539 3798 intercessio
560 3739 726 3802 sanctorum
748 3739 781 3798 ut
802 3736 889 3797 illud:
911 3737 936 3796 si
957 3736 1024 3813 quis
1038 3733 1213 3808 infirmatur,
1234 3735 1279 3796 in·

173 3839 305 3901 trodneat
333 3839 523 3917 presbyteros
545 3838 703 3911 eeclesiae,
732 3840 763 3898 et
783 3840 869 3898 orent
890 3853 943 3916 pro
964 3854 1008 3896 eo.
1051 3834 1179 3898 Multum
1199 3835 1279 3900 valet

172 3937 251 4018 apud
272 3939 423 4001 dominum
445 3938 612 4018 deprecatio
628 3939 702 4017 justi
724 3938 852 4000 assidua.

236 4037 318 4100 Nona
339 4038 539 4099 misericordia
561 4042 592 4098 et
613 4037 681 4099 fidei
702 4039 852 4112 meritum,
873 4041 907 4099 ut
928 4041 975 4100 est
995 4037 1068 4100 hoca
1089 4036 1169 4100 beati
1189 4037 1279 4100 mise·

171 4129 321 4212 ricordes,
344 4139 484 4216 qnoniam
505 4139 561 4216 ipsi
582 4139 813 4202 misericordiam
834 4140 1062 4218 consequentur.

237 4236 357 4302 Decima
372 4240 554 4300 conuersatio
568 4242 597 4298 et
612 4237 691 4300 salus
706 4239 875 4310 alienorum,
885 4238 994 4302 Jacobo
1008 4238 1213 4302 confirmante:
1227 4239 1278 4316 qui

173 4337 304 4400 converti
325 4336 427 4398 iecerit
448 4340 631 4417 peccatorem
652 4338 689 4400 ab
709 4357 810 4399 errore
823 4341 889 4404 viae
904 4359 990 4414 suae,
1011 4339 1136 4404 salvabit
1149 4341 1277 4402 animaru

173 4437 237 4516 ejus
259 4455 276 4497 a
297 4440 391 4498 morte
412 4438 592 4514 etreliqua,
615 4438 667 4501 sed
688 4438 793 4499 melius
813 4442 859 4499 est
879 4438 942 4512 tibi,
963 4443 996 4500 ut
1017 4439 1151 4502 iniirmus
1169 4439 1227 4514 sis,
1247 4441 1278 4498 et

172 4538 265 4602 uitam
280 4536 440 4600 solitariam
455 4537 577 4610 ducere,
600 4555 689 4618 quam
703 4539 800 4615 perire
816 4555 884 4600 cunr
899 4535 1043 4617 plurimis.

216 4633 384 4688 saumana.
400 4635 599 4697 mauriennense
613 4637 634 4688 t.
649 4636 795 4696 tortitudini.
1056 4635 1078 4706 3
