<?xml version="1.0" encoding="UTF-8"?>
<!DOCTYPE html PUBLIC "-//W3C//DTD XHTML 1.0 Transitional//EN"
    "http://www.w3.org/TR/xhtml1/DTD/xhtml1-transitional.dtd">
<html xmlns="http://www.w3.org/1999/xhtml" xml:lang="en" lang="en">
 <head>
  <title>
</title>
<meta http-equiv="Content-Type" content="text/html;charset=utf-8" />
  <meta name='ocr-system' content='tesseract 3.04.00' />
  <meta name='ocr-capabilities' content='ocr_page ocr_carea ocr_par ocr_line ocrx_word'/>
</head>
<body>
  <div class='ocr_page' id='page_1' title='image "./dielateinischen00kunsgoog_0146.png"; bbox 0 0 3094 5100; ppageno 0'>
   <div class='ocr_carea' id='block_1_1' title="bbox 804 313 876 390">
    <p class='ocr_par' dir='ltr' id='par_1_1' title="bbox 804 313 876 390">
     <span class='ocr_line' id='line_1_1' title="bbox 804 313 876 390; baseline 0 -1"><span class='ocrx_word' id='word_1_1' title='bbox 804 313 876 390; x_wconf 83' lang='lat'>132</span> 
     </span>
    </p>
   </div>
   <div class='ocr_carea' id='block_1_2' title="bbox 230 487 1396 996">
    <p class='ocr_par' dir='ltr' id='par_1_2' title="bbox 232 487 1395 794">
     <span class='ocr_line' id='line_1_2' title="bbox 232 487 1395 593; baseline 0 -18"><span class='ocrx_word' id='word_1_2' title='bbox 232 507 274 575; x_wconf 60' lang='lat' dir='ltr'>ib</span> <span class='ocrx_word' id='word_1_3' title='bbox 348 511 402 574; x_wconf 88' lang='lat' dir='ltr'>Si</span> <span class='ocrx_word' id='word_1_4' title='bbox 397 506 474 593; x_wconf 90' lang='lat' dir='ltr'>quis</span> <span class='ocrx_word' id='word_1_5' title='bbox 502 531 519 578; x_wconf 87' lang='lat' dir='ltr'>a</span> <span class='ocrx_word' id='word_1_6' title='bbox 546 512 604 575; x_wconf 86' lang='lat' dir='ltr'>lide</span> <span class='ocrx_word' id='word_1_7' title='bbox 631 487 740 575; x_wconf 84' lang='lat' dir='ltr'>domini</span> <span class='ocrx_word' id='word_1_8' title='bbox 768 513 936 574; x_wconf 79' lang='lat' dir='ltr'><strong>discesserit</strong></span> <span class='ocrx_word' id='word_1_9' title='bbox 964 515 1027 574; x_wconf 87' lang='lat' dir='ltr'>sine</span> <span class='ocrx_word' id='word_1_10' title='bbox 1053 512 1113 576; x_wconf 92' lang='lat' dir='ltr'>nlla</span> <span class='ocrx_word' id='word_1_11' title='bbox 1140 515 1331 586; x_wconf 71' lang='lat' dir='ltr'>necessitate,</span> <span class='ocrx_word' id='word_1_12' title='bbox 1361 519 1395 575; x_wconf 86' lang='lat' dir='ltr'>et</span> 
     </span>
     <span class='ocr_line' id='line_1_3' title="bbox 284 605 1393 716; baseline 0.002 -42"><span class='ocrx_word' id='word_1_13' title='bbox 284 616 385 692; x_wconf 90' lang='lat' dir='ltr'>postea</span> <span class='ocrx_word' id='word_1_14' title='bbox 405 631 442 674; x_wconf 88' lang='lat' dir='ltr'>ex</span> <span class='ocrx_word' id='word_1_15' title='bbox 463 617 524 675; x_wconf 91' lang='lat' dir='ltr'>toto</span> <span class='ocrx_word' id='word_1_16' title='bbox 545 615 641 677; x_wconf 90' lang='lat' dir='ltr'>animo</span> <span class='ocrx_word' id='word_1_17' title='bbox 662 605 871 695; x_wconf 82' lang='lat' dir='ltr'>poenitentiam</span> <span class='ocrx_word' id='word_1_18' title='bbox 891 614 1011 692; x_wconf 88' lang='lat' dir='ltr'>accipit,</span> <span class='ocrx_word' id='word_1_19' title='bbox 1038 616 1099 676; x_wconf 89' lang='lat' dir='ltr'>tres</span> <span class='ocrx_word' id='word_1_20' title='bbox 1122 613 1205 676; x_wconf 86' lang='lat' dir='ltr'>annis</span> <span class='ocrx_word' id='word_1_21' title='bbox 1231 617 1313 716; x_wconf 85' lang='lat' dir='ltr'>extra</span> <span class='ocrx_word' id='word_1_22' title='bbox 1340 631 1393 676; x_wconf 90' lang='lat' dir='ltr'>ec·</span> 
     </span>
     <span class='ocr_line' id='line_1_4' title="bbox 281 709 1191 794; baseline 0 -19"><span class='ocrx_word' id='word_1_23' title='bbox 281 713 389 787; x_wconf 87' lang='lat' dir='ltr'>clesia,</span> <span class='ocrx_word' id='word_1_24' title='bbox 410 717 523 794; x_wconf 83' lang='lat' dir='ltr'>septem</span> <span class='ocrx_word' id='word_1_25' title='bbox 544 717 627 778; x_wconf 90' lang='lat' dir='ltr'>annis</span> <span class='ocrx_word' id='word_1_26' title='bbox 648 717 678 776; x_wconf 92' lang='lat' dir='ltr'>iu</span> <span class='ocrx_word' id='word_1_27' title='bbox 700 715 823 778; x_wconf 83' lang='lat' dir='ltr'>ecclesia</span> <span class='ocrx_word' id='word_1_28' title='bbox 843 709 924 777; x_wconf 83' lang='lat' dir='ltr'>extra</span> <span class='ocrx_word' id='word_1_29' title='bbox 946 715 1191 777; x_wconf 82' lang='lat' dir='ltr'>communionem.</span> 
     </span>
    </p>

    <p class='ocr_par' dir='ltr' id='par_1_3' title="bbox 230 811 1396 996">
     <span class='ocr_line' id='line_1_5' title="bbox 230 811 1396 896; baseline 0.004 -23"><span class='ocrx_word' id='word_1_30' title='bbox 230 811 271 874; x_wconf 79' lang='lat' dir='ltr'>te</span> <span class='ocrx_word' id='word_1_31' title='bbox 346 814 375 876; x_wconf 90' lang='lat' dir='ltr'>Si</span> <span class='ocrx_word' id='word_1_32' title='bbox 399 817 465 892; x_wconf 88' lang='lat' dir='ltr'>quis</span> <span class='ocrx_word' id='word_1_33' title='bbox 487 817 698 878; x_wconf 76' lang='lat' dir='ltr'>renuntiaverit</span> <span class='ocrx_word' id='word_1_34' title='bbox 720 814 884 888; x_wconf 89' lang='lat' dir='ltr'>saeculum,</span> <span class='ocrx_word' id='word_1_35' title='bbox 899 819 1015 896; x_wconf 87' lang='lat' dir='ltr'>postea</span> <span class='ocrx_word' id='word_1_36' title='bbox 1038 833 1178 878; x_wconf 81' lang='lat' dir='ltr'>reversus</span> <span class='ocrx_word' id='word_1_37' title='bbox 1200 818 1229 877; x_wconf 95' lang='lat' dir='ltr'>in</span> <span class='ocrx_word' id='word_1_38' title='bbox 1258 815 1396 878; x_wconf 88' lang='lat' dir='ltr'>saecula·</span> 
     </span>
     <span class='ocr_line' id='line_1_6' title="bbox 282 913 1394 996; baseline 0 -20"><span class='ocrx_word' id='word_1_39' title='bbox 282 931 347 976; x_wconf 86' lang='lat' dir='ltr'>rem</span> <span class='ocrx_word' id='word_1_40' title='bbox 369 913 519 988; x_wconf 88' lang='lat' dir='ltr'>habitum,</span> <span class='ocrx_word' id='word_1_41' title='bbox 542 917 567 976; x_wconf 91' lang='lat' dir='ltr'>si</span> <span class='ocrx_word' id='word_1_42' title='bbox 588 915 764 978; x_wconf 90' lang='lat' dir='ltr'>monachum</span> <span class='ocrx_word' id='word_1_43' title='bbox 786 917 866 976; x_wconf 86' lang='lat' dir='ltr'>esset</span> <span class='ocrx_word' id='word_1_44' title='bbox 887 917 916 974; x_wconf 93' lang='lat' dir='ltr'>et</span> <span class='ocrx_word' id='word_1_45' title='bbox 937 917 1037 994; x_wconf 91' lang='lat' dir='ltr'>postea</span> <span class='ocrx_word' id='word_1_46' title='bbox 1059 915 1270 996; x_wconf 91' lang='lat' dir='ltr'>poenitentiam</span> <span class='ocrx_word' id='word_1_47' title='bbox 1287 914 1394 992; x_wconf 85' lang='lat' dir='ltr'>egerit,</span> 
     </span>
    </p>
   </div>
   <div class='ocr_carea' id='block_1_3' title="bbox 229 1011 1395 1404">
    <p class='ocr_par' dir='ltr' id='par_1_4' title="bbox 283 1011 1393 1095">
     <span class='ocr_line' id='line_1_7' title="bbox 283 1011 1393 1095; baseline 0 -19"><span class='ocrx_word' id='word_1_48' title='bbox 283 1015 316 1076; x_wconf 89' lang='lat' dir='ltr'>X</span> <span class='ocrx_word' id='word_1_49' title='bbox 336 1033 426 1076; x_wconf 88' lang='lat' dir='ltr'>annos</span> <span class='ocrx_word' id='word_1_50' title='bbox 448 1017 610 1094; x_wconf 89' lang='lat' dir='ltr'>poeniteat,</span> <span class='ocrx_word' id='word_1_51' title='bbox 640 1034 693 1093; x_wconf 89' lang='lat' dir='ltr'>per</span> <span class='ocrx_word' id='word_1_52' title='bbox 713 1017 842 1094; x_wconf 90' lang='lat' dir='ltr'>primum</span> <span class='ocrx_word' id='word_1_53' title='bbox 863 1015 1020 1078; x_wconf 92' lang='lat' dir='ltr'>triennium</span> <span class='ocrx_word' id='word_1_54' title='bbox 1041 1017 1067 1076; x_wconf 91' lang='lat' dir='ltr'>si</span> <span class='ocrx_word' id='word_1_55' title='bbox 1089 1011 1229 1095; x_wconf 82' lang='lat' dir='ltr'>probatus</span> <span class='ocrx_word' id='word_1_56' title='bbox 1251 1014 1340 1077; x_wconf 87' lang='lat' dir='ltr'>luerit</span> <span class='ocrx_word' id='word_1_57' title='bbox 1360 1017 1393 1076; x_wconf 92' lang='lat' dir='ltr'>in</span> 
     </span>
    </p>

    <p class='ocr_par' dir='ltr' id='par_1_5' title="bbox 282 1105 1395 1196">
     <span class='ocr_line' id='line_1_8' title="bbox 282 1105 1395 1196; baseline 0.004 -20"><span class='ocrx_word' id='word_1_58' title='bbox 282 1117 381 1178; x_wconf 90' lang='lat' dir='ltr'>omnia</span> <span class='ocrx_word' id='word_1_59' title='bbox 402 1117 579 1196; x_wconf 83' lang='lat' dir='ltr'>poenitentia</span> <span class='ocrx_word' id='word_1_60' title='bbox 600 1105 730 1178; x_wconf 82' lang='lat' dir='ltr'>lacrimis</span> <span class='ocrx_word' id='word_1_61' title='bbox 751 1117 781 1176; x_wconf 92' lang='lat' dir='ltr'>in</span> <span class='ocrx_word' id='word_1_62' title='bbox 802 1115 955 1193; x_wconf 91' lang='lat' dir='ltr'>episcopus</span> <span class='ocrx_word' id='word_1_63' title='bbox 977 1118 1072 1196; x_wconf 88' lang='lat' dir='ltr'>potest</span> <span class='ocrx_word' id='word_1_64' title='bbox 1092 1114 1200 1177; x_wconf 87' lang='lat' dir='ltr'>iacere.</span> <span class='ocrx_word' id='word_1_65' title='bbox 1235 1114 1266 1176; x_wconf 91' lang='lat' dir='ltr'>Si</span> <span class='ocrx_word' id='word_1_66' title='bbox 1288 1133 1395 1180; x_wconf 89' lang='lat' dir='ltr'>mona-</span> 
     </span>
    </p>

    <p class='ocr_par' dir='ltr' id='par_1_6' title="bbox 229 1211 1393 1404">
     <span class='ocr_line' id='line_1_9' title="bbox 283 1213 1358 1293; baseline 0.002 -18"><span class='ocrx_word' id='word_1_67' title='bbox 283 1215 356 1278; x_wconf 90' lang='lat' dir='ltr'>chus</span> <span class='ocrx_word' id='word_1_68' title='bbox 375 1234 431 1276; x_wconf 93' lang='lat' dir='ltr'>non</span> <span class='ocrx_word' id='word_1_69' title='bbox 449 1215 503 1277; x_wconf 89' lang='lat' dir='ltr'>luit</span> <span class='ocrx_word' id='word_1_70' title='bbox 521 1216 636 1293; x_wconf 88' lang='lat' dir='ltr'>quando</span> <span class='ocrx_word' id='word_1_71' title='bbox 652 1216 774 1276; x_wconf 83' lang='lat' dir='ltr'>recessit</span> <span class='ocrx_word' id='word_1_72' title='bbox 793 1213 829 1274; x_wconf 86' lang='lat' dir='ltr'>ab</span> <span class='ocrx_word' id='word_1_73' title='bbox 849 1215 988 1287; x_wconf 89' lang='lat' dir='ltr'>eeclesia,</span> <span class='ocrx_word' id='word_1_74' title='bbox 1010 1215 1066 1277; x_wconf 87' lang='lat' dir='ltr'>Vll</span> <span class='ocrx_word' id='word_1_75' title='bbox 1088 1233 1178 1278; x_wconf 85' lang='lat' dir='ltr'>annos</span> <span class='ocrx_word' id='word_1_76' title='bbox 1200 1217 1358 1293; x_wconf 88' lang='lat' dir='ltr'>poeniteat.</span> 
     </span>
     <span class='ocr_line' id='line_1_10' title="bbox 229 1304 1393 1404; baseline -0.001 -27"><span class='ocrx_word' id='word_1_77' title='bbox 229 1304 271 1370; x_wconf 66' lang='lat' dir='ltr'>nin</span> <span class='ocrx_word' id='word_1_78' title='bbox 345 1315 376 1377; x_wconf 91' lang='lat' dir='ltr'>Si</span> <span class='ocrx_word' id='word_1_79' title='bbox 398 1318 464 1392; x_wconf 88' lang='lat' dir='ltr'>quis</span> <span class='ocrx_word' id='word_1_80' title='bbox 484 1320 639 1396; x_wconf 88' lang='lat' dir='ltr'>postquam</span> <span class='ocrx_word' id='word_1_81' title='bbox 663 1333 696 1376; x_wconf 91' lang='lat' dir='ltr'>se</span> <span class='ocrx_word' id='word_1_82' title='bbox 717 1317 831 1380; x_wconf 86' lang='lat' dir='ltr'>voverit</span> <span class='ocrx_word' id='word_1_83' title='bbox 852 1315 922 1389; x_wconf 89' lang='lat' dir='ltr'>deo,</span> <span class='ocrx_word' id='word_1_84' title='bbox 950 1315 1131 1379; x_wconf 85' lang='lat' dir='ltr'>saecularem</span> <span class='ocrx_word' id='word_1_85' title='bbox 1153 1313 1286 1404; x_wconf 83' lang='lat' dir='ltr'>habitum</span> <span class='ocrx_word' id='word_1_86' title='bbox 1312 1317 1393 1378; x_wconf 90' lang='lat' dir='ltr'>acci·</span> 
     </span>
    </p>
   </div>
   <div class='ocr_carea' id='block_1_4' title="bbox 225 1413 1392 4611">
    <p class='ocr_par' dir='ltr' id='par_1_7' title="bbox 282 1413 1313 1496">
     <span class='ocr_line' id='line_1_11' title="bbox 282 1413 1313 1496; baseline 0.001 -19"><span class='ocrx_word' id='word_1_87' title='bbox 282 1419 373 1496; x_wconf 92' lang='lat' dir='ltr'>perit,</span> <span class='ocrx_word' id='word_1_88' title='bbox 396 1417 505 1478; x_wconf 89' lang='lat' dir='ltr'>iterum</span> <span class='ocrx_word' id='word_1_89' title='bbox 527 1418 563 1477; x_wconf 93' lang='lat' dir='ltr'>ad</span> <span class='ocrx_word' id='word_1_90' title='bbox 585 1416 674 1480; x_wconf 86' lang='lat' dir='ltr'>alium</span> <span class='ocrx_word' id='word_1_91' title='bbox 696 1416 819 1493; x_wconf 84' lang='lat' dir='ltr'>gradum</span> <span class='ocrx_word' id='word_1_92' title='bbox 841 1417 981 1477; x_wconf 91' lang='lat' dir='ltr'>accedere</span> <span class='ocrx_word' id='word_1_93' title='bbox 1002 1418 1118 1478; x_wconf 90' lang='lat' dir='ltr'>omnino</span> <span class='ocrx_word' id='word_1_94' title='bbox 1140 1436 1196 1479; x_wconf 92' lang='lat' dir='ltr'>non</span> <span class='ocrx_word' id='word_1_95' title='bbox 1218 1413 1313 1478; x_wconf 90' lang='lat' dir='ltr'>debet.</span> 
     </span>
    </p>

    <p class='ocr_par' dir='ltr' id='par_1_8' title="bbox 228 1504 1392 1996">
     <span class='ocr_line' id='line_1_12' title="bbox 228 1504 1392 1597; baseline 0.003 -21"><span class='ocrx_word' id='word_1_96' title='bbox 228 1504 270 1568; x_wconf 63' lang='lat'>¹⁹5</span> <span class='ocrx_word' id='word_1_97' title='bbox 345 1516 375 1577; x_wconf 89' lang='lat' dir='ltr'>Si</span> <span class='ocrx_word' id='word_1_98' title='bbox 397 1518 463 1594; x_wconf 87' lang='lat' dir='ltr'>quis</span> <span class='ocrx_word' id='word_1_99' title='bbox 485 1520 691 1597; x_wconf 82' lang='lat' dir='ltr'>contempserit</span> <span class='ocrx_word' id='word_1_100' title='bbox 713 1518 824 1578; x_wconf 81' lang='lat' dir='ltr'>Nirene</span> <span class='ocrx_word' id='word_1_101' title='bbox 846 1517 1000 1579; x_wconf 87' lang='lat' dir='ltr'>concilium</span> <span class='ocrx_word' id='word_1_102' title='bbox 1018 1520 1048 1578; x_wconf 93' lang='lat' dir='ltr'>et</span> <span class='ocrx_word' id='word_1_103' title='bbox 1068 1517 1177 1581; x_wconf 87' lang='lat' dir='ltr'>laceret</span> <span class='ocrx_word' id='word_1_104' title='bbox 1195 1517 1302 1597; x_wconf 89' lang='lat' dir='ltr'>pascha</span> <span class='ocrx_word' id='word_1_105' title='bbox 1320 1535 1392 1580; x_wconf 90' lang='lat' dir='ltr'>cum</span> 
     </span>
     <span class='ocr_line' id='line_1_13' title="bbox 280 1615 1390 1692; baseline 0.004 -17"><span class='ocrx_word' id='word_1_106' title='bbox 280 1615 400 1678; x_wconf 79' lang='lat' dir='ltr'>ludaeis</span> <span class='ocrx_word' id='word_1_107' title='bbox 425 1620 453 1677; x_wconf 92' lang='lat' dir='ltr'>in</span> <span class='ocrx_word' id='word_1_108' title='bbox 483 1617 572 1678; x_wconf 86' lang='lat' dir='ltr'>Xllll</span> <span class='ocrx_word' id='word_1_109' title='bbox 596 1637 613 1680; x_wconf 90' lang='lat' dir='ltr'>a</span> <span class='ocrx_word' id='word_1_110' title='bbox 639 1617 724 1690; x_wconf 89' lang='lat' dir='ltr'>luna,</span> <span class='ocrx_word' id='word_1_111' title='bbox 756 1619 968 1680; x_wconf 79' lang='lat' dir='ltr'>exterminatur</span> <span class='ocrx_word' id='word_1_112' title='bbox 994 1616 1030 1678; x_wconf 83' lang='lat' dir='ltr'>eb</span> <span class='ocrx_word' id='word_1_113' title='bbox 1056 1619 1136 1679; x_wconf 91' lang='lat' dir='ltr'>omni</span> <span class='ocrx_word' id='word_1_114' title='bbox 1162 1615 1302 1692; x_wconf 86' lang='lat' dir='ltr'>ecclesie,</span> <span class='ocrx_word' id='word_1_115' title='bbox 1332 1619 1390 1680; x_wconf 89' lang='lat' dir='ltr'>nisi</span> 
     </span>
     <span class='ocr_line' id='line_1_14' title="bbox 279 1715 1391 1796; baseline 0.003 -20"><span class='ocrx_word' id='word_1_116' title='bbox 279 1717 488 1796; x_wconf 88' lang='lat' dir='ltr'>poenitentiam</span> <span class='ocrx_word' id='word_1_117' title='bbox 518 1719 609 1796; x_wconf 87' lang='lat' dir='ltr'>egerit</span> <span class='ocrx_word' id='word_1_118' title='bbox 637 1721 704 1778; x_wconf 89' lang='lat' dir='ltr'>ante</span> <span class='ocrx_word' id='word_1_119' title='bbox 732 1718 865 1778; x_wconf 87' lang='lat' dir='ltr'>mortem.</span> <span class='ocrx_word' id='word_1_120' title='bbox 909 1715 940 1777; x_wconf 91' lang='lat' dir='ltr'>Si</span> <span class='ocrx_word' id='word_1_121' title='bbox 967 1719 1066 1780; x_wconf 89' lang='lat' dir='ltr'>autem</span> <span class='ocrx_word' id='word_1_122' title='bbox 1092 1718 1218 1778; x_wconf 76' lang='lat' dir='ltr'>oraverit</span> <span class='ocrx_word' id='word_1_123' title='bbox 1244 1735 1310 1778; x_wconf 92' lang='lat' dir='ltr'>cum</span> <span class='ocrx_word' id='word_1_124' title='bbox 1339 1717 1391 1779; x_wconf 93' lang='lat' dir='ltr'>illo</span> 
     </span>
     <span class='ocr_line' id='line_1_15' title="bbox 280 1811 1391 1898; baseline 0.004 -22"><span class='ocrx_word' id='word_1_125' title='bbox 280 1816 429 1878; x_wconf 88' lang='lat' dir='ltr'>hereticus</span> <span class='ocrx_word' id='word_1_126' title='bbox 449 1815 479 1878; x_wconf 86' lang='lat' dir='ltr'>e&#39;t</span> <span class='ocrx_word' id='word_1_127' title='bbox 500 1819 593 1882; x_wconf 80' lang='lat' dir='ltr'>nescit</span> <span class='ocrx_word' id='word_1_128' title='bbox 610 1819 771 1898; x_wconf 87' lang='lat' dir='ltr'>septimana</span> <span class='ocrx_word' id='word_1_129' title='bbox 790 1811 945 1898; x_wconf 88' lang='lat' dir='ltr'>poeniteat.</span> <span class='ocrx_word' id='word_1_130' title='bbox 981 1816 1013 1879; x_wconf 92' lang='lat' dir='ltr'>Si</span> <span class='ocrx_word' id='word_1_131' title='bbox 1036 1819 1135 1881; x_wconf 87' lang='lat' dir='ltr'>autem</span> <span class='ocrx_word' id='word_1_132' title='bbox 1153 1817 1313 1896; x_wconf 81' lang='lat' dir='ltr'>neglexerit</span> <span class='ocrx_word' id='word_1_133' title='bbox 1331 1817 1391 1880; x_wconf 86' lang='lat' dir='ltr'>XL</span> 
     </span>
     <span class='ocr_line' id='line_1_16' title="bbox 280 1917 1212 1996; baseline -0.001 -19"><span class='ocrx_word' id='word_1_134' title='bbox 280 1917 342 1978; x_wconf 91' lang='lat' dir='ltr'>dies</span> <span class='ocrx_word' id='word_1_135' title='bbox 364 1919 511 1995; x_wconf 90' lang='lat' dir='ltr'>poeniteat</span> <span class='ocrx_word' id='word_1_136' title='bbox 534 1920 562 1978; x_wconf 91' lang='lat' dir='ltr'>in</span> <span class='ocrx_word' id='word_1_137' title='bbox 584 1919 680 1996; x_wconf 89' lang='lat' dir='ltr'>prima</span> <span class='ocrx_word' id='word_1_138' title='bbox 702 1919 775 1979; x_wconf 85' lang='lat' dir='ltr'>rice.</span> <span class='ocrx_word' id='word_1_139' title='bbox 1206 1969 1212 1976; x_wconf 89' lang='lat'><em>.</em></span> 
     </span>
    </p>

    <p class='ocr_par' dir='ltr' id='par_1_9' title="bbox 225 2007 1391 2290">
     <span class='ocr_line' id='line_1_17' title="bbox 225 2007 1391 2098; baseline 0.006 -27"><span class='ocrx_word' id='word_1_140' title='bbox 225 2007 267 2072; x_wconf 79' lang='lat' dir='ltr'>te</span> <span class='ocrx_word' id='word_1_141' title='bbox 344 2013 377 2076; x_wconf 89' lang='lat' dir='ltr'>Si</span> <span class='ocrx_word' id='word_1_142' title='bbox 399 2017 464 2095; x_wconf 89' lang='lat' dir='ltr'>quis</span> <span class='ocrx_word' id='word_1_143' title='bbox 484 2016 581 2078; x_wconf 87' lang='lat' dir='ltr'>ortare</span> <span class='ocrx_word' id='word_1_144' title='bbox 598 2017 727 2079; x_wconf 74' lang='lat' dir='ltr'>&#39;voluerit</span> <span class='ocrx_word' id='word_1_145' title='bbox 748 2019 853 2080; x_wconf 88' lang='lat' dir='ltr'>cresim</span> <span class='ocrx_word' id='word_1_146' title='bbox 877 2017 996 2089; x_wconf 86' lang='lat' dir='ltr'>eorum,</span> <span class='ocrx_word' id='word_1_147' title='bbox 1027 2019 1057 2077; x_wconf 90' lang='lat' dir='ltr'>et</span> <span class='ocrx_word' id='word_1_148' title='bbox 1084 2035 1141 2076; x_wconf 92' lang='lat' dir='ltr'>non</span> <span class='ocrx_word' id='word_1_149' title='bbox 1167 2019 1261 2094; x_wconf 78' lang='lat' dir='ltr'>egerit</span> <span class='ocrx_word' id='word_1_150' title='bbox 1287 2018 1391 2098; x_wconf 90' lang='lat' dir='ltr'>poeni-</span> 
     </span>
     <span class='ocr_line' id='line_1_18' title="bbox 280 2111 1390 2196; baseline 0.002 -20"><span class='ocrx_word' id='word_1_151' title='bbox 280 2117 403 2178; x_wconf 87' lang='lat' dir='ltr'>tentiam</span> <span class='ocrx_word' id='word_1_152' title='bbox 432 2121 462 2176; x_wconf 91' lang='lat' dir='ltr'>et</span> <span class='ocrx_word' id='word_1_153' title='bbox 490 2119 552 2196; x_wconf 89' lang='lat' dir='ltr'>ipse</span> <span class='ocrx_word' id='word_1_154' title='bbox 581 2111 715 2178; x_wconf 86' lang='lat' dir='ltr'>similiter</span> <span class='ocrx_word' id='word_1_155' title='bbox 744 2117 1001 2192; x_wconf 77' lang='lat' dir='ltr'>exterminabitur,</span> <span class='ocrx_word' id='word_1_156' title='bbox 1032 2117 1147 2178; x_wconf 92' lang='lat' dir='ltr'>domino</span> <span class='ocrx_word' id='word_1_157' title='bbox 1174 2117 1306 2193; x_wconf 87' lang='lat' dir='ltr'>dicente,</span> <span class='ocrx_word' id='word_1_158' title='bbox 1335 2119 1390 2196; x_wconf 86' lang='lat' dir='ltr'>qui</span> 
     </span>
     <span class='ocr_line' id='line_1_19' title="bbox 281 2219 852 2290; baseline 0.002 -14"><span class='ocrx_word' id='word_1_159' title='bbox 281 2233 399 2278; x_wconf 89' lang='lat' dir='ltr'>mecum</span> <span class='ocrx_word' id='word_1_160' title='bbox 420 2235 476 2277; x_wconf 91' lang='lat' dir='ltr'>non</span> <span class='ocrx_word' id='word_1_161' title='bbox 499 2219 559 2290; x_wconf 90' lang='lat' dir='ltr'>est,</span> <span class='ocrx_word' id='word_1_162' title='bbox 582 2221 681 2280; x_wconf 91' lang='lat' dir='ltr'>contra</span> <span class='ocrx_word' id='word_1_163' title='bbox 703 2235 752 2277; x_wconf 91' lang='lat' dir='ltr'>me</span> <span class='ocrx_word' id='word_1_164' title='bbox 774 2221 829 2278; x_wconf 91' lang='lat' dir='ltr'>est.</span> <span class='ocrx_word' id='word_1_165' title='bbox 850 2255 852 2259; x_wconf 34' lang='lat' dir='ltr'><strong><em>f</em></strong></span> 
     </span>
    </p>

    <p class='ocr_par' dir='ltr' id='par_1_10' title="bbox 227 2308 1390 2801">
     <span class='ocr_line' id='line_1_20' title="bbox 227 2308 1390 2397; baseline 0.002 -19"><span class='ocrx_word' id='word_1_166' title='bbox 227 2308 269 2373; x_wconf 66' lang='lat'>1⁸7</span> <span class='ocrx_word' id='word_1_167' title='bbox 343 2316 374 2378; x_wconf 91' lang='lat' dir='ltr'>Si</span> <span class='ocrx_word' id='word_1_168' title='bbox 404 2320 469 2394; x_wconf 82' lang='lat' dir='ltr'>quis</span> <span class='ocrx_word' id='word_1_169' title='bbox 498 2317 611 2378; x_wconf 86' lang='lat' dir='ltr'>dederit</span> <span class='ocrx_word' id='word_1_170' title='bbox 636 2322 687 2381; x_wconf 89' lang='lat' dir='ltr'>aut</span> <span class='ocrx_word' id='word_1_171' title='bbox 715 2320 853 2397; x_wconf 88' lang='lat' dir='ltr'>acciperit</span> <span class='ocrx_word' id='word_1_172' title='bbox 875 2313 1110 2381; x_wconf 89' lang='lat' dir='ltr'>communionem</span> <span class='ocrx_word' id='word_1_173' title='bbox 1132 2319 1169 2380; x_wconf 89' lang='lat' dir='ltr'>de</span> <span class='ocrx_word' id='word_1_174' title='bbox 1189 2335 1279 2380; x_wconf 88' lang='lat' dir='ltr'>manu</span> <span class='ocrx_word' id='word_1_175' title='bbox 1300 2318 1390 2380; x_wconf 89' lang='lat' dir='ltr'>here·</span> 
     </span>
     <span class='ocr_line' id='line_1_21' title="bbox 279 2417 1389 2500; baseline 0 -21"><span class='ocrx_word' id='word_1_176' title='bbox 279 2417 346 2490; x_wconf 91' lang='lat' dir='ltr'>tici,</span> <span class='ocrx_word' id='word_1_177' title='bbox 374 2420 404 2478; x_wconf 90' lang='lat' dir='ltr'>et</span> <span class='ocrx_word' id='word_1_178' title='bbox 430 2419 538 2491; x_wconf 88' lang='lat' dir='ltr'>nescit,</span> <span class='ocrx_word' id='word_1_179' title='bbox 567 2420 636 2496; x_wconf 87' lang='lat' dir='ltr'>quia</span> <span class='ocrx_word' id='word_1_180' title='bbox 663 2419 804 2482; x_wconf 87' lang='lat' dir='ltr'>catholica</span> <span class='ocrx_word' id='word_1_181' title='bbox 832 2419 956 2480; x_wconf 87' lang='lat' dir='ltr'>ecclesia</span> <span class='ocrx_word' id='word_1_182' title='bbox 983 2422 1083 2482; x_wconf 87' lang='lat' dir='ltr'>contra</span> <span class='ocrx_word' id='word_1_183' title='bbox 1110 2419 1199 2492; x_wconf 88' lang='lat' dir='ltr'>dicit,</span> <span class='ocrx_word' id='word_1_184' title='bbox 1228 2422 1259 2480; x_wconf 87' lang='lat' dir='ltr'>et</span> <span class='ocrx_word' id='word_1_185' title='bbox 1285 2422 1389 2500; x_wconf 79' lang='lat' dir='ltr'>postea</span> 
     </span>
     <span class='ocr_line' id='line_1_22' title="bbox 279 2518 1388 2606; baseline 0.001 -27"><span class='ocrx_word' id='word_1_186' title='bbox 279 2518 430 2606; x_wconf 84' lang='lat' dir='ltr'>intelligit,</span> <span class='ocrx_word' id='word_1_187' title='bbox 451 2536 561 2580; x_wconf 91' lang='lat' dir='ltr'>annum</span> <span class='ocrx_word' id='word_1_188' title='bbox 583 2521 727 2596; x_wconf 86' lang='lat' dir='ltr'>iutegmm</span> <span class='ocrx_word' id='word_1_189' title='bbox 749 2521 905 2600; x_wconf 86' lang='lat' dir='ltr'>poeniteat.</span> <span class='ocrx_word' id='word_1_190' title='bbox 942 2519 972 2582; x_wconf 88' lang='lat' dir='ltr'>Si</span> <span class='ocrx_word' id='word_1_191' title='bbox 994 2524 1094 2582; x_wconf 85' lang='lat' dir='ltr'>cutem</span> <span class='ocrx_word' id='word_1_192' title='bbox 1115 2522 1170 2582; x_wconf 88' lang='lat' dir='ltr'>seit</span> <span class='ocrx_word' id='word_1_193' title='bbox 1191 2524 1221 2581; x_wconf 90' lang='lat' dir='ltr'>et</span> <span class='ocrx_word' id='word_1_194' title='bbox 1241 2519 1388 2598; x_wconf 80' lang='lat' dir='ltr'>intelligit,</span> 
     </span>
     <span class='ocr_line' id='line_1_23' title="bbox 275 2617 1389 2700; baseline 0.002 -21"><span class='ocrx_word' id='word_1_195' title='bbox 275 2623 310 2679; x_wconf 86' lang='lat' dir='ltr'>et</span> <span class='ocrx_word' id='word_1_196' title='bbox 329 2621 431 2698; x_wconf 87' lang='lat' dir='ltr'>postea</span> <span class='ocrx_word' id='word_1_197' title='bbox 452 2620 659 2697; x_wconf 85' lang='lat' dir='ltr'>poenitentiam</span> <span class='ocrx_word' id='word_1_198' title='bbox 683 2622 790 2698; x_wconf 87' lang='lat' dir='ltr'>egerit,</span> <span class='ocrx_word' id='word_1_199' title='bbox 813 2621 843 2682; x_wconf 89' lang='lat' dir='ltr'>X</span> <span class='ocrx_word' id='word_1_200' title='bbox 862 2637 954 2684; x_wconf 88' lang='lat' dir='ltr'>annos</span> <span class='ocrx_word' id='word_1_201' title='bbox 973 2622 1119 2700; x_wconf 84' lang='lat' dir='ltr'>poeniteat</span> <span class='ocrx_word' id='word_1_202' title='bbox 1140 2623 1170 2680; x_wconf 91' lang='lat' dir='ltr'>et</span> <span class='ocrx_word' id='word_1_203' title='bbox 1190 2620 1239 2684; x_wconf 90' lang='lat' dir='ltr'>alii</span> <span class='ocrx_word' id='word_1_204' title='bbox 1254 2617 1389 2698; x_wconf 85' lang='lat' dir='ltr'>judicant</span> 
     </span>
     <span class='ocr_line' id='line_1_24' title="bbox 280 2718 921 2801; baseline 0.002 -20"><span class='ocrx_word' id='word_1_205' title='bbox 280 2719 352 2792; x_wconf 89' lang='lat' dir='ltr'>Vll,</span> <span class='ocrx_word' id='word_1_206' title='bbox 375 2722 405 2779; x_wconf 93' lang='lat' dir='ltr'>et</span> <span class='ocrx_word' id='word_1_207' title='bbox 425 2718 582 2781; x_wconf 79' lang='lat' dir='ltr'>humanius</span> <span class='ocrx_word' id='word_1_208' title='bbox 605 2719 631 2780; x_wconf 89' lang='lat' dir='ltr'>V</span> <span class='ocrx_word' id='word_1_209' title='bbox 652 2739 743 2782; x_wconf 92' lang='lat' dir='ltr'>annos</span> <span class='ocrx_word' id='word_1_210' title='bbox 765 2723 921 2801; x_wconf 86' lang='lat' dir='ltr'>poenitent.</span> 
     </span>
    </p>

    <p class='ocr_par' dir='ltr' id='par_1_11' title="bbox 227 2809 1389 3688">
     <span class='ocr_line' id='line_1_25' title="bbox 227 2809 1388 2902; baseline -0.001 -21"><span class='ocrx_word' id='word_1_211' title='bbox 227 2809 269 2874; x_wconf 75' lang='lat' dir='ltr'>i8</span> <span class='ocrx_word' id='word_1_212' title='bbox 343 2819 374 2881; x_wconf 88' lang='lat' dir='ltr'>Si</span> <span class='ocrx_word' id='word_1_213' title='bbox 401 2819 471 2902; x_wconf 75' lang='lat' dir='ltr'>quis</span> <span class='ocrx_word' id='word_1_214' title='bbox 496 2815 677 2899; x_wconf 85' lang='lat' dir='ltr'>permiserit,</span> <span class='ocrx_word' id='word_1_215' title='bbox 716 2821 879 2884; x_wconf 90' lang='lat' dir='ltr'>hereticum</span> <span class='ocrx_word' id='word_1_216' title='bbox 910 2822 1031 2885; x_wconf 90' lang='lat' dir='ltr'>missam</span> <span class='ocrx_word' id='word_1_217' title='bbox 1062 2839 1147 2884; x_wconf 87' lang='lat' dir='ltr'>suam</span> <span class='ocrx_word' id='word_1_218' title='bbox 1178 2820 1326 2882; x_wconf 90' lang='lat' dir='ltr'>celebrare</span> <span class='ocrx_word' id='word_1_219' title='bbox 1357 2821 1388 2880; x_wconf 92' lang='lat' dir='ltr'>in</span> 
     </span>
     <span class='ocr_line' id='line_1_26' title="bbox 280 2919 1389 3002; baseline 0.002 -22"><span class='ocrx_word' id='word_1_220' title='bbox 280 2919 404 2981; x_wconf 90' lang='lat' dir='ltr'>ecclesia</span> <span class='ocrx_word' id='word_1_221' title='bbox 430 2919 588 2994; x_wconf 87' lang='lat' dir='ltr'>catholica,</span> <span class='ocrx_word' id='word_1_222' title='bbox 622 2925 652 2982; x_wconf 91' lang='lat' dir='ltr'>et</span> <span class='ocrx_word' id='word_1_223' title='bbox 679 2925 789 2996; x_wconf 91' lang='lat' dir='ltr'>nescit,</span> <span class='ocrx_word' id='word_1_224' title='bbox 822 2923 878 2984; x_wconf 88' lang='lat' dir='ltr'>XL</span> <span class='ocrx_word' id='word_1_225' title='bbox 904 2923 967 2984; x_wconf 91' lang='lat' dir='ltr'>dies</span> <span class='ocrx_word' id='word_1_226' title='bbox 991 2924 1154 3001; x_wconf 82' lang='lat' dir='ltr'>poeniteat3</span> <span class='ocrx_word' id='word_1_227' title='bbox 1185 2923 1210 2984; x_wconf 89' lang='lat' dir='ltr'>si</span> <span class='ocrx_word' id='word_1_228' title='bbox 1238 2923 1305 3000; x_wconf 88' lang='lat' dir='ltr'>quis</span> <span class='ocrx_word' id='word_1_229' title='bbox 1333 2940 1389 3002; x_wconf 89' lang='lat' dir='ltr'>per</span> 
     </span>
     <span class='ocr_line' id='line_1_27' title="bbox 279 3015 1389 3104; baseline 0.002 -24"><span class='ocrx_word' id='word_1_230' title='bbox 279 3020 473 3080; x_wconf 79' lang='lat' dir='ltr'>reuerentiam</span> <span class='ocrx_word' id='word_1_231' title='bbox 491 3015 554 3100; x_wconf 89' lang='lat' dir='ltr'>ejus</span> <span class='ocrx_word' id='word_1_232' title='bbox 572 3021 689 3094; x_wconf 88' lang='lat' dir='ltr'>iecerit,</span> <span class='ocrx_word' id='word_1_233' title='bbox 712 3039 820 3084; x_wconf 91' lang='lat' dir='ltr'>annum</span> <span class='ocrx_word' id='word_1_234' title='bbox 837 3025 980 3100; x_wconf 81' lang='lat' dir='ltr'>integrum</span> <span class='ocrx_word' id='word_1_235' title='bbox 997 3025 1151 3104; x_wconf 90' lang='lat' dir='ltr'>poeniteat.</span> <span class='ocrx_word' id='word_1_236' title='bbox 1188 3021 1219 3084; x_wconf 91' lang='lat' dir='ltr'>Si</span> <span class='ocrx_word' id='word_1_237' title='bbox 1235 3040 1287 3103; x_wconf 93' lang='lat' dir='ltr'>pro</span> <span class='ocrx_word' id='word_1_238' title='bbox 1303 3019 1389 3083; x_wconf 81' lang='lat' dir='ltr'>dan&#39;r·</span> 
     </span>
     <span class='ocr_line' id='line_1_28' title="bbox 279 3113 1389 3201; baseline 0.004 -21"><span class='ocrx_word' id='word_1_239' title='bbox 279 3121 394 3183; x_wconf 88' lang='lat' dir='ltr'>natione</span> <span class='ocrx_word' id='word_1_240' title='bbox 415 3113 555 3182; x_wconf 88' lang='lat' dir='ltr'>ecclesiae</span> <span class='ocrx_word' id='word_1_241' title='bbox 577 3117 792 3184; x_wconf 83' lang='lat' dir='ltr'>catholicae&#39;et</span> <span class='ocrx_word' id='word_1_242' title='bbox 815 3123 1053 3185; x_wconf 89' lang='lat' dir='ltr'>consuetudinem</span> <span class='ocrx_word' id='word_1_243' title='bbox 1075 3125 1291 3196; x_wconf 86' lang='lat' dir='ltr'>Romanorum,</span> <span class='ocrx_word' id='word_1_244' title='bbox 1318 3141 1389 3201; x_wconf 86' lang='lat' dir='ltr'>pro—</span> 
     </span>
     <span class='ocr_line' id='line_1_29' title="bbox 276 3217 1388 3302; baseline 0.002 -21"><span class='ocrx_word' id='word_1_245' title='bbox 276 3218 393 3298; x_wconf 86' lang='lat' dir='ltr'>jiciatur</span> <span class='ocrx_word' id='word_1_246' title='bbox 414 3220 450 3282; x_wconf 87' lang='lat' dir='ltr'>ab</span> <span class='ocrx_word' id='word_1_247' title='bbox 469 3221 622 3282; x_wconf 89' lang='lat' dir='ltr'>eeclesiam</span> <span class='ocrx_word' id='word_1_248' title='bbox 643 3217 719 3282; x_wconf 90' lang='lat' dir='ltr'>sieut</span> <span class='ocrx_word' id='word_1_249' title='bbox 738 3222 901 3296; x_wconf 88' lang='lat' dir='ltr'>hereticus,</span> <span class='ocrx_word' id='word_1_250' title='bbox 922 3226 978 3284; x_wconf 92' lang='lat' dir='ltr'>nisi</span> <span class='ocrx_word' id='word_1_251' title='bbox 1000 3225 1092 3301; x_wconf 79' lang='lat' dir='ltr'>egerit</span> <span class='ocrx_word' id='word_1_252' title='bbox 1114 3224 1339 3302; x_wconf 86' lang='lat' dir='ltr'>poenitentiam,</span> <span class='ocrx_word' id='word_1_253' title='bbox 1361 3223 1388 3283; x_wconf 91' lang='lat' dir='ltr'>si</span> 
     </span>
     <span class='ocr_line' id='line_1_30' title="bbox 281 3321 1389 3400; baseline 0.003 -19"><span class='ocrx_word' id='word_1_254' title='bbox 281 3322 373 3398; x_wconf 75' lang='lat' dir='ltr'>egerit</span> <span class='ocrx_word' id='word_1_255' title='bbox 400 3322 429 3382; x_wconf 88' lang='lat' dir='ltr'>X</span> <span class='ocrx_word' id='word_1_256' title='bbox 454 3322 537 3384; x_wconf 91' lang='lat' dir='ltr'>annis</span> <span class='ocrx_word' id='word_1_257' title='bbox 561 3323 723 3400; x_wconf 80' lang='lat' dir='ltr'>poeniteat3</span> <span class='ocrx_word' id='word_1_258' title='bbox 751 3324 775 3384; x_wconf 96' lang='lat' dir='ltr'>si</span> <span class='ocrx_word' id='word_1_259' title='bbox 797 3325 961 3384; x_wconf 85' lang='lat' dir='ltr'>recesserit</span> <span class='ocrx_word' id='word_1_260' title='bbox 977 3323 1014 3386; x_wconf 88' lang='lat' dir='ltr'>ab</span> <span class='ocrx_word' id='word_1_261' title='bbox 1040 3325 1164 3386; x_wconf 90' lang='lat' dir='ltr'>ecclesia</span> <span class='ocrx_word' id='word_1_262' title='bbox 1190 3321 1331 3386; x_wconf 88' lang='lat' dir='ltr'>catholica</span> <span class='ocrx_word' id='word_1_263' title='bbox 1357 3323 1389 3384; x_wconf 92' lang='lat' dir='ltr'>in</span> 
     </span>
     <span class='ocr_line' id='line_1_31' title="bbox 280 3415 1389 3504; baseline 0.002 -22"><span class='ocrx_word' id='word_1_264' title='bbox 280 3415 532 3500; x_wconf 77' lang='lat' dir='ltr'>congregationem</span> <span class='ocrx_word' id='word_1_265' title='bbox 547 3422 776 3497; x_wconf 89' lang='lat' dir='ltr'>baereticorum,</span> <span class='ocrx_word' id='word_1_266' title='bbox 799 3421 873 3486; x_wconf 90' lang='lat' dir='ltr'>alius</span> <span class='ocrx_word' id='word_1_267' title='bbox 888 3420 1053 3504; x_wconf 88' lang='lat' dir='ltr'>persuadit,</span> <span class='ocrx_word' id='word_1_268' title='bbox 1076 3429 1106 3485; x_wconf 89' lang='lat' dir='ltr'>et</span> <span class='ocrx_word' id='word_1_269' title='bbox 1120 3423 1221 3503; x_wconf 87' lang='lat' dir='ltr'>postea</span> <span class='ocrx_word' id='word_1_270' title='bbox 1236 3425 1389 3502; x_wconf 84' lang='lat' dir='ltr'>poeniten·</span> 
     </span>
     <span class='ocr_line' id='line_1_32' title="bbox 278 3521 1388 3604; baseline 0.002 -20"><span class='ocrx_word' id='word_1_271' title='bbox 278 3522 351 3586; x_wconf 86' lang='lat' dir='ltr'>tiam</span> <span class='ocrx_word' id='word_1_272' title='bbox 375 3525 485 3599; x_wconf 85' lang='lat' dir='ltr'>egerit,</span> <span class='ocrx_word' id='word_1_273' title='bbox 514 3521 572 3583; x_wconf 84' lang='grc' dir='ltr'>ΧΠ</span> <span class='ocrx_word' id='word_1_274' title='bbox 598 3541 687 3586; x_wconf 91' lang='lat' dir='ltr'>annos</span> <span class='ocrx_word' id='word_1_275' title='bbox 712 3526 874 3604; x_wconf 87' lang='lat' dir='ltr'>poeniteat,</span> <span class='ocrx_word' id='word_1_276' title='bbox 902 3525 942 3586; x_wconf 83' lang='lat' dir='ltr'>lv</span> <span class='ocrx_word' id='word_1_277' title='bbox 969 3543 1078 3587; x_wconf 86' lang='lat' dir='ltr'>annum</span> <span class='ocrx_word' id='word_1_278' title='bbox 1103 3527 1185 3587; x_wconf 84' lang='lat' dir='ltr'>extra</span> <span class='ocrx_word' id='word_1_279' title='bbox 1212 3524 1388 3598; x_wconf 87' lang='lat' dir='ltr'>ecclesiam,</span> 
     </span>
     <span class='ocr_line' id='line_1_33' title="bbox 279 3622 1121 3688; baseline 0.005 -6"><span class='ocrx_word' id='word_1_280' title='bbox 279 3626 309 3682; x_wconf 90' lang='lat' dir='ltr'>et</span> <span class='ocrx_word' id='word_1_281' title='bbox 328 3622 385 3683; x_wconf 87' lang='lat' dir='ltr'>Vll</span> <span class='ocrx_word' id='word_1_282' title='bbox 406 3624 483 3682; x_wconf 91' lang='lat' dir='ltr'>inter</span> <span class='ocrx_word' id='word_1_283' title='bbox 504 3623 650 3684; x_wconf 88' lang='lat' dir='ltr'>auditores</span> <span class='ocrx_word' id='word_1_284' title='bbox 673 3627 702 3684; x_wconf 92' lang='lat' dir='ltr'>et</span> <span class='ocrx_word' id='word_1_285' title='bbox 725 3623 751 3684; x_wconf 89' lang='lat' dir='ltr'>ll</span> <span class='ocrx_word' id='word_1_286' title='bbox 772 3627 856 3688; x_wconf 83' lang='lat' dir='ltr'>extra</span> <span class='ocrx_word' id='word_1_287' title='bbox 869 3623 1121 3687; x_wconf 88' lang='lat' dir='ltr'>communionem.</span> 
     </span>
    </p>

    <p class='ocr_par' dir='ltr' id='par_1_12' title="bbox 227 3722 1389 3986">
     <span class='ocr_line' id='line_1_34' title="bbox 227 3722 1388 3805; baseline 0.006 -24"><span class='ocrx_word' id='word_1_288' title='bbox 227 3723 268 3790; x_wconf 70' lang='lat' dir='ltr'>to</span> <span class='ocrx_word' id='word_1_289' title='bbox 343 3722 374 3782; x_wconf 89' lang='lat' dir='ltr'>Si</span> <span class='ocrx_word' id='word_1_290' title='bbox 407 3724 473 3801; x_wconf 91' lang='lat' dir='ltr'>quis</span> <span class='ocrx_word' id='word_1_291' title='bbox 508 3725 662 3804; x_wconf 90' lang='lat' dir='ltr'>episcopus</span> <span class='ocrx_word' id='word_1_292' title='bbox 695 3727 747 3786; x_wconf 91' lang='lat' dir='ltr'>aut</span> <span class='ocrx_word' id='word_1_293' title='bbox 778 3723 868 3788; x_wconf 91' lang='lat' dir='ltr'>abbas</span> <span class='ocrx_word' id='word_1_294' title='bbox 902 3725 1011 3804; x_wconf 84' lang='lat' dir='ltr'>Juberit</span> <span class='ocrx_word' id='word_1_295' title='bbox 1027 3723 1186 3786; x_wconf 90' lang='lat' dir='ltr'>monacho</span> <span class='ocrx_word' id='word_1_296' title='bbox 1223 3741 1296 3799; x_wconf 90' lang='lat' dir='ltr'>sno,</span> <span class='ocrx_word' id='word_1_297' title='bbox 1333 3745 1388 3805; x_wconf 89' lang='lat' dir='ltr'>pro</span> 
     </span>
     <span class='ocr_line' id='line_1_35' title="bbox 280 3819 1389 3932; baseline 0.008 -51"><span class='ocrx_word' id='word_1_298' title='bbox 280 3819 397 3884; x_wconf 83' lang='lat' dir='ltr'>creticis</span> <span class='ocrx_word' id='word_1_299' title='bbox 425 3823 550 3886; x_wconf 87' lang='lat' dir='ltr'>mortuis</span> <span class='ocrx_word' id='word_1_300' title='bbox 573 3825 694 3886; x_wconf 88' lang='lat' dir='ltr'>missam</span> <span class='ocrx_word' id='word_1_301' title='bbox 720 3829 854 3900; x_wconf 89' lang='lat' dir='ltr'>cantare,</span> <span class='ocrx_word' id='word_1_302' title='bbox 882 3844 938 3887; x_wconf 91' lang='lat' dir='ltr'>non</span> <span class='ocrx_word' id='word_1_303' title='bbox 966 3825 1049 3900; x_wconf 91' lang='lat' dir='ltr'>licet,</span> <span class='ocrx_word' id='word_1_304' title='bbox 1077 3829 1108 3886; x_wconf 91' lang='lat' dir='ltr'>et</span> <span class='ocrx_word' id='word_1_305' title='bbox 1135 3845 1191 3932; x_wconf 84' lang='lat' dir='ltr'>pou</span> <span class='ocrx_word' id='word_1_306' title='bbox 1220 3827 1332 3906; x_wconf 86' lang='lat' dir='ltr'>expetit</span> <span class='ocrx_word' id='word_1_307' title='bbox 1359 3829 1389 3890; x_wconf 91' lang='lat' dir='ltr'>ei</span> 
     </span>
     <span class='ocr_line' id='line_1_36' title="bbox 279 3922 428 3986; baseline 0 -1"><span class='ocrx_word' id='word_1_308' title='bbox 279 3922 428 3986; x_wconf 85' lang='lat' dir='ltr'>obaudire.</span> 
     </span>
    </p>

    <p class='ocr_par' dir='ltr' id='par_1_13' title="bbox 226 4011 1389 4309">
     <span class='ocr_line' id='line_1_37' title="bbox 226 4011 1389 4105; baseline 0.005 -22"><span class='ocrx_word' id='word_1_309' title='bbox 226 4031 267 4094; x_wconf 74' lang='lat'>50</span> <span class='ocrx_word' id='word_1_310' title='bbox 343 4022 374 4084; x_wconf 91' lang='lat' dir='ltr'>Si</span> <span class='ocrx_word' id='word_1_311' title='bbox 396 4024 550 4105; x_wconf 75' lang='lat' dir='ltr'>presbyter</span> <span class='ocrx_word' id='word_1_312' title='bbox 572 4027 741 4104; x_wconf 82' lang='lat' dir='ltr'>contigerit,</span> <span class='ocrx_word' id='word_1_313' title='bbox 762 4027 811 4090; x_wconf 92' lang='lat' dir='ltr'>ubi</span> <span class='ocrx_word' id='word_1_314' title='bbox 830 4027 951 4091; x_wconf 85' lang='lat' dir='ltr'>missam</span> <span class='ocrx_word' id='word_1_315' title='bbox 970 4011 1146 4101; x_wconf 87' lang='lat' dir='ltr'>cantaverit,</span> <span class='ocrx_word' id='word_1_316' title='bbox 1169 4031 1199 4088; x_wconf 92' lang='lat' dir='ltr'>et</span> <span class='ocrx_word' id='word_1_317' title='bbox 1220 4027 1294 4089; x_wconf 86' lang='lat' dir='ltr'>alius</span> <span class='ocrx_word' id='word_1_318' title='bbox 1310 4029 1389 4089; x_wconf 86' lang='lat' dir='ltr'>reci·</span> 
     </span>
     <span class='ocr_line' id='line_1_38' title="bbox 237 4113 1388 4200; baseline 0.003 -12.114"><span class='ocrx_word' id='word_1_319' title='bbox 237 4113 386 4188; x_wconf 82' lang='lat' dir='ltr'>laverit</span> <span class='ocrx_word' id='word_1_320' title='bbox 407 4129 523 4192; x_wconf 87' lang='lat' dir='ltr'>nomina</span> <span class='ocrx_word' id='word_1_321' title='bbox 544 4131 744 4200; x_wconf 87' lang='lat' dir='ltr'>mortuorum,</span> <span class='ocrx_word' id='word_1_322' title='bbox 773 4132 802 4188; x_wconf 91' lang='lat' dir='ltr'>et</span> <span class='ocrx_word' id='word_1_323' title='bbox 829 4127 917 4190; x_wconf 88' lang='lat' dir='ltr'>simul</span> <span class='ocrx_word' id='word_1_324' title='bbox 944 4130 1104 4192; x_wconf 86' lang='lat' dir='ltr'>nominavit</span> <span class='ocrx_word' id='word_1_325' title='bbox 1126 4128 1290 4190; x_wconf 87' lang='lat' dir='ltr'>hereticum</span> <span class='ocrx_word' id='word_1_326' title='bbox 1316 4147 1388 4191; x_wconf 89' lang='lat' dir='ltr'>cum</span> 
     </span>
     <span class='ocr_line' id='line_1_39' title="bbox 281 4213 1386 4314; baseline 0.003 -26"><span class='ocrx_word' id='word_1_327' title='bbox 281 4227 444 4313; x_wconf 84' lang='lat' dir='ltr'>catholicis,</span> <span class='ocrx_word' id='word_1_328' title='bbox 474 4231 504 4288; x_wconf 92' lang='lat' dir='ltr'>et</span> <span class='ocrx_word' id='word_1_329' title='bbox 529 4230 595 4308; x_wconf 93' lang='lat' dir='ltr'>post</span> <span class='ocrx_word' id='word_1_330' title='bbox 619 4228 740 4289; x_wconf 90' lang='lat' dir='ltr'>missam</span> <span class='ocrx_word' id='word_1_331' title='bbox 765 4213 913 4306; x_wconf 80' lang='lat' dir='ltr'>intelligit,</span> <span class='ocrx_word' id='word_1_332' title='bbox 942 4226 1133 4310; x_wconf 90' lang='lat' dir='ltr'>ebdomadam</span> <span class='ocrx_word' id='word_1_333' title='bbox 1159 4228 1317 4314; x_wconf 88' lang='lat' dir='ltr'>poeniteat.</span> <span class='ocrx_word' id='word_1_334' title='bbox 1354 4227 1386 4291; x_wconf 89' lang='lat' dir='ltr'>Si</span> 
     </span>
    </p>

    <p class='ocr_par' dir='ltr' id='par_1_14' title="bbox 230 4319 1387 4611">
     <span class='ocr_line' id='line_1_40' title="bbox 230 4319 1386 4415; baseline 0.001 -25"><span class='ocrx_word' id='word_1_335' title='bbox 230 4319 233 4326; x_wconf 48' lang='lat'><strong>¹</strong></span> <span class='ocrx_word' id='word_1_336' title='bbox 279 4331 349 4402; x_wconf 89' lang='lat' dir='ltr'>scit,</span> <span class='ocrx_word' id='word_1_337' title='bbox 380 4307 530 4415; x_wconf 85' lang='lat' dir='ltr'>intelligit,</span> <span class='ocrx_word' id='word_1_338' title='bbox 560 4329 655 4407; x_wconf 89' lang='lat' dir='ltr'>primo</span> <span class='ocrx_word' id='word_1_339' title='bbox 676 4327 731 4391; x_wconf 85' lang='lat' dir='ltr'>XL</span> <span class='ocrx_word' id='word_1_340' title='bbox 753 4329 820 4390; x_wconf 88' lang='lat' dir='ltr'>dies</span> <span class='ocrx_word' id='word_1_341' title='bbox 838 4331 1001 4410; x_wconf 84' lang='lat' dir='ltr'>poeniteat,</span> <span class='ocrx_word' id='word_1_342' title='bbox 1027 4331 1052 4393; x_wconf 90' lang='lat' dir='ltr'>si</span> <span class='ocrx_word' id='word_1_343' title='bbox 1074 4329 1244 4408; x_wconf 81' lang='lat' dir='ltr'>frequenter</span> <span class='ocrx_word' id='word_1_344' title='bbox 1265 4329 1386 4405; x_wconf 88' lang='lat' dir='ltr'>iecerit,</span> 
     </span>
     <span class='ocr_line' id='line_1_41' title="bbox 279 4427 1387 4510; baseline 0.001 -18"><span class='ocrx_word' id='word_1_345' title='bbox 279 4449 388 4492; x_wconf 91' lang='lat' dir='ltr'>annum</span> <span class='ocrx_word' id='word_1_346' title='bbox 410 4431 555 4507; x_wconf 86' lang='lat' dir='ltr'>integrum</span> <span class='ocrx_word' id='word_1_347' title='bbox 579 4427 734 4509; x_wconf 89' lang='lat' dir='ltr'>poeniteat.</span> <span class='ocrx_word' id='word_1_348' title='bbox 770 4429 801 4491; x_wconf 91' lang='lat' dir='ltr'>Si</span> <span class='ocrx_word' id='word_1_349' title='bbox 822 4427 888 4509; x_wconf 85' lang='lat' dir='ltr'>¹quis</span> <span class='ocrx_word' id='word_1_350' title='bbox 909 4433 1008 4494; x_wconf 90' lang='lat' dir='ltr'>autem</span> <span class='ocrx_word' id='word_1_351' title='bbox 1034 4449 1087 4510; x_wconf 93' lang='lat' dir='ltr'>per</span> <span class='ocrx_word' id='word_1_352' title='bbox 1112 4434 1237 4494; x_wconf 88' lang='lat' dir='ltr'>mortem</span> <span class='ocrx_word' id='word_1_353' title='bbox 1262 4431 1387 4493; x_wconf 88' lang='lat' dir='ltr'>heretici</span> 
     </span>
     <span class='ocr_line' id='line_1_42' title="bbox 279 4525 1387 4611; baseline 0.005 -20"><span class='ocrx_word' id='word_1_354' title='bbox 279 4532 400 4593; x_wconf 88' lang='lat' dir='ltr'>missam</span> <span class='ocrx_word' id='word_1_355' title='bbox 421 4525 566 4594; x_wconf 82' lang='lat' dir='ltr'>ordinarit</span> <span class='ocrx_word' id='word_1_356' title='bbox 587 4534 617 4592; x_wconf 91' lang='lat' dir='ltr'>et</span> <span class='ocrx_word' id='word_1_357' title='bbox 641 4548 694 4610; x_wconf 93' lang='lat' dir='ltr'>pro</span> <span class='ocrx_word' id='word_1_358' title='bbox 719 4530 864 4611; x_wconf 81' lang='lat' dir='ltr'>relegione</span> <span class='ocrx_word' id='word_1_359' title='bbox 890 4530 946 4592; x_wconf 86' lang='lat' dir='ltr'>eibi</span> <span class='ocrx_word' id='word_1_360' title='bbox 973 4531 1112 4610; x_wconf 87' lang='lat' dir='ltr'>reliquias</span> <span class='ocrx_word' id='word_1_361' title='bbox 1140 4533 1286 4608; x_wconf 81' lang='lat' dir='ltr'>tenuerit3</span> <span class='ocrx_word' id='word_1_362' title='bbox 1314 4532 1387 4611; x_wconf 85' lang='lat' dir='ltr'>quia</span> 
     </span>
    </p>
   </div>
   <div class='ocr_carea' id='block_1_5' title="bbox 0 0 1552 5100">
    <p class='ocr_par' dir='ltr' id='par_1_15' title="bbox 0 0 1552 5100">
     <span class='ocr_line' id='line_1_43' title="bbox 0 0 1552 5100; baseline 0 2"><span class='ocrx_word' id='word_1_363' title='bbox 0 0 1552 5100; x_wconf 95' lang='lat' dir='ltr'> </span> 
     </span>
    </p>
   </div>
  </div>
 </body>
</html>
