3094 5100
794 372 864 448 rao
971 313 1017 400 γ’

225 569 270 638 89
344 572 404 650 Qui
425 591 514 654 caepe
532 571 784 658 leceritinrtum,
810 570 849 634 VI
869 570 1049 652 poenitentia
1067 565 1146 649 ejua,
1167 570 1222 629 aut
1239 563 1385 646 monaodo

276 674 418 757 judicavit
439 674 588 737 sacerdus.

223 773 268 837 89
324 776 376 839 vSi
396 776 504 838 mulier
524 791 593 836 cnm
613 773 761 848 muliere,
778 771 820 834 lll
842 789 932 836 annea
952 771 1090 852 peniteat.

225 871 269 936 8l
341 876 574 940 Fornicationem
595 891 684 952 saepe
704 871 830 948 iaciens,
858 871 914 934 vll
935 889 1026 934 annos
1047 870 1192 951 peniteat,
1217 866 1292 930 aliua
1311 865 1388 945 judi·

252 1021 256 1030 -
278 980 329 1042 cat
349 995 402 1056 per
423 974 592 1049 consilium,
613 973 656 1035 lll
677 975 768 1035 annon
789 973 926 1053 peniteat.

226 1073 268 1138 85
343 1077 376 1140 Si
410 1076 517 1138 mulier
552 1093 620 1136 cum
654 1092 688 1136 ee
722 1077 786 1156 ipaa
823 1074 885 1138 eola
919 1074 1029 1135 coitum
1062 1071 1172 1145 hahet,
1217 1069 1259 1131 111
1274 1121 1279 1128 .
1295 1085 1388 1133 annor

281 1180 422 1256 peniteat.

225 1273 268 1338 86
344 1276 404 1352 Qui
425 1277 518 1342 multa
538 1274 615 1340 mala
637 1273 753 1350 lecerit,
781 1273 811 1334 id
832 1276 878 1336 eet
902 1272 939 1335 ad
961 1271 1168 1346 homicidium,
1195 1269 1388 1344 adulterium,

281 1397 350 1442 oum
371 1377 496 1459 pecode,
524 1395 591 1438 curn
612 1375 755 1450 muliere,
783 1378 813 1435 et
836 1375 947 1436 lurtum
968 1373 1085 1448 iecerit,
1114 1373 1303 1453 penitentiam
1323 1368 1389 1448 ejue

278 1476 437 1557 judicavit,
469 1480 502 1539 ut
532 1476 561 1538 in
592 1475 803 1538 monasterium
834 1475 944 1548 exiret,
977 1476 1007 1534 et
1034 1475 1198 1553 poeniteret
1224 1489 1320 1550 neque
1352 1470 1390 1534 ad

281 1583 419 1640 mortem.
1054 1604 1057 1610 ·

226 1673 270 1738 87
345 1678 465 1752 Pueris,
491 1677 543 1758 qui
564 1675 781 1740 lomicationem
802 1673 913 1738 iaciunt
934 1675 1010 1735 inter
1031 1672 1224 1754 temetipsos,
1250 1668 1391 1751 judicavit

276 1783 318 1844 ut
338 1778 523 1858 vapulentur.

228 1874 271 1938 88
345 1879 377 1942 Si
399 1896 500 1940 semen
521 1895 575 1958 per
594 1893 628 1939 οι
648 1877 754 1950 mittit,
775 1875 818 1936 111
839 1891 930 1936 annoe
951 1875 1090 1954 peniteat.

226 1974 268 2037 89
346 1977 515 2040 Sodomitae
536 1975 592 2038 Vll
618 1991 710 2038 annos
738 1977 903 2056 peniteant,
930 1978 962 2036 et
986 1974 1083 2036 mollia
1106 1989 1167 2036 uno
1191 1991 1283 2049 anno,
1312 1973 1390 2034 eierat

282 2077 391 2140 mulier
411 2076 575 2141 adulteram
597 2076 651 2138 Vll
673 2093 763 2138 annea
783 2077 921 2156 peniteat.

230 2173 272 2238 99
347 2177 457 2241 Mulier
482 2179 507 2239 ei
532 2176 640 2238 occidit
659 2175 769 2247 filium,
794 2175 982 2237 homicidium
1001 2173 1090 2250 lacit,
1116 2173 1175 2236 XV
1194 2191 1285 2238 annos
1305 2172 1393 2254 peni·

285 2282 362 2352 teat,
384 2282 413 2339 et
433 2294 583 2356 nunquam
604 2279 715 2350 mutet,
740 2276 797 2336 nisi
818 2276 865 2337 die
885 2275 1039 2336 dominico.

230 2374 291 2441 91,
348 2377 381 2439 Si
401 2377 579 2459 paupercula
603 2376 707 2438 occidit
731 2373 824 2437 filium
849 2393 953 2449 enum,
981 2375 1037 2436 Vll
1063 2376 1093 2436 in
1118 2392 1231 2440 canone
1255 2375 1394 2436 dixerunt

286 2479 476 2560 penitentiam
497 2474 577 2555 ejus,
599 2477 624 2538 ei
645 2476 833 2538 homicidium
852 2477 907 2550 ait,
930 2474 960 2536 X
981 2493 1072 2538 annoa
1093 2477 1231 2554 peniteat

231 2573 273 2636 99
350 2579 449 2640 lnlane
475 2582 537 2639 tres
562 2595 653 2640 annos
674 2575 776 2640 hahuit
800 2580 831 2637 et
853 2580 989 2638 mortuua
1009 2580 1055 2636 eat
1075 2576 1138 2636 aine
1159 2574 1322 2654 baptismo,
1349 2573 1393 2635 lll

287 2696 378 2743 annos
400 2679 528 2758 peniteat
548 2682 633 2756 pater
653 2675 717 2755 ejus
739 2680 769 2737 et
789 2681 896 2740 mater.

232 2775 273 2840 93
349 2775 408 2851 Qui
434 2780 521 2840 necat
546 2775 639 2838 filium
664 2793 753 2839 enum
778 2777 842 2838 aine
865 2775 1027 2858 baptismo,
1057 2775 1087 2836 in
1114 2791 1224 2836 canone
1245 2773 1275 2835 X
1300 2791 1395 2838 annea

286 2881 430 2959 peniteat,
452 2877 505 2939 aed
525 2890 579 2956 per
600 2875 752 2939 consilium
774 2876 828 2938 Vll
850 2894 951 2938 annos.

231 2975 275 3040 at
348 2977 472 3051 Mulier,
501 2979 552 3055 qui
580 2978 714 3057 concepit
741 2981 772 3039 et
797 2976 902 3040 occidit
927 2975 1020 3039 lilium
1047 2994 1135 3039 auum
1161 2977 1189 3036 in
1213 2979 1299 3040 utero
1325 2977 1397 3036 ante

286 3077 344 3140 XL
364 3078 442 3151 dies,
465 3094 557 3138 unum
579 3093 688 3138 annum
706 3077 851 3155 peniteat3
873 3079 897 3139 ei
919 3080 984 3159 poet
1006 3077 1062 3139 XL
1082 3078 1145 3139 diee
1165 3077 1285 3150 occidit,
1307 3075 1397 3154 quani

285 3176 431 3240 homicida
449 3174 537 3238 dehet
555 3177 697 3256 peniteri3
719 3179 860 3240 moriatur
876 3179 902 3239 ei
919 3196 992 3239 nece
1008 3177 1134 3240 hominis
1150 3180 1215 3240 eine
1231 3177 1397 3258 baptismo,

287 3277 330 3339 111
351 3294 442 3340 annos
463 3277 601 3358 peniteat.

232 3373 274 3438 et
352 3377 385 3440 Si
405 3378 469 3441 viro
490 3395 558 3440 cum
579 3395 633 3440 auo
654 3376 777 3440 muliere
797 3381 877 3439 retro
903 3373 972 3440 licet
998 3378 1027 3439 in
1050 3381 1133 3456 tergo
1157 3376 1285 3454 nubere,
1312 3380 1400 3460 peni·

288 3484 353 3540 tere
374 3476 461 3538 dehet
482 3477 627 3556 quomodo
647 3477 790 3542 animalia.
825 3474 857 3538 Si
875 3481 1027 3540 menstruo
1043 3480 1177 3557 tempore
1199 3479 1318 3554 coierit,
1340 3478 1401 3541 XL

289 3580 352 3642 dier
378 3579 517 3659 peniteat.

234 3675 277 3740 96
351 3675 410 3752 Qui
431 3678 567 3758 episcopo
588 3681 640 3740 aut
661 3675 870 3760 presbyterum
893 3678 1016 3754 occidit,
1043 3679 1107 3757 regi
1134 3679 1324 3745 dimittendae
1353 3685 1404 3744 eet

290 3778 327 3843 ad
347 3776 552 3856 iudicanduma
580 3779 632 3859 qui
652 3779 756 3842 occidit
777 3779 954 3845 monachum
977 3779 1025 3846 rel
1050 3780 1206 3856 clericam,
1235 3783 1266 3843 in
1289 3779 1404 3860 judicio

291 3877 419 3960 episcopi
440 3881 500 3951 eet,
523 3877 571 3941 vel
593 3895 676 3943 arma
696 3879 844 3962 relinquat
863 3885 893 3943 et
913 3881 968 3942 deo
989 3882 1114 3949 serviat.
1135 3881 1205 3943 licet
1226 3881 1284 3944 Vll
1305 3897 1404 3944 annee

288 3981 448 4064 peniteat.
473 3976 532 4051 Qui
552 3979 691 4043 occiderit
711 3981 877 4058 hominem,
903 3981 960 4042 XL
982 3980 1045 4042 dica
1066 3980 1211 4044 ahetineat
1231 4000 1265 4045 ee
1289 3980 1328 4043 ah
1351 3999 1406 4043 eo-

291 4078 422 4142 cleaiam.
459 4076 519 4152 Qui
541 4069 680 4142 occiderit
703 4079 852 4144 hominem
876 4099 930 4162 per
951 4083 1062 4157 rixam,
1088 4083 1120 4146 X
1145 4101 1237 4146 annoe
1260 4085 1404 4164 peniteat.

293 4176 353 4254 Qui
374 4180 512 4242 occiderit
537 4198 591 4260 per
617 4181 775 4245 vindictam
799 4182 883 4246 tratri
907 4183 968 4258 aui,
996 4181 1040 4244 lll
1066 4201 1157 4246 annos
1185 4185 1324 4266 peniteat.
1369 4183 1406 4246 Si

290 4279 383 4346 laicus
403 4279 509 4343 occidit
530 4278 619 4344 elium
645 4281 850 4359 meditatione,
877 4284 904 4346 ei
931 4301 989 4347 non
1015 4283 1080 4350 nult
1107 4299 1191 4350 arma
1214 4285 1405 4364 relinquere,

292 4381 349 4444 Vll
369 4397 461 4444 annos
482 4381 625 4460 peniteat:
657 4385 721 4446 aine
741 4401 831 4450 carne
850 4389 881 4447 et
899 4387 968 4448 nino
988 4385 1049 4460 111,
1077 4388 1120 4448 ric
1141 4381 1216 4470 (per)
1238 4401 1358 4459 cacum,
1389 4382 1408 4446 1

294 4497 420 4552 annum,
449 4479 476 4540 ai
496 4497 550 4561 pro
571 4481 614 4544 ira
634 4483 696 4558 111;
725 4486 751 4546 ei
772 4486 803 4546 in
823 4485 933 4566 proelio
954 4503 1024 4550 cum
1047 4502 1118 4564 rege
1142 4486 1283 4549 occiderit
1305 4483 1410 4548 homi-

294 4595 382 4654 nem,
401 4575 460 4644 XL
479 4577 542 4644 dier
562 4581 709 4664 peniteat,
730 4583 757 4648 ei
777 4601 831 4666 per
847 4585 985 4666 peccalum
1000 4589 1054 4652 ant
1071 4602 1125 4668 per
1143 4589 1240 4650 artem
1254 4585 1409 4667 aliquam,
