3094 5100
649 394 719 474 133

135 593 262 659 multum
274 591 430 673 jejunarit,
452 595 522 672 quia
534 595 629 658 nescit
643 593 836 656 differentiam
853 591 1014 658 catholicae
1028 591 1096 656 fidei
1110 596 1141 654 et
1154 591 1239 666 XIV,

136 697 166 754 et
187 696 289 775 postea
310 694 466 768 intellexit,
486 695 694 774 poenitentiam
716 693 809 773 egerit
830 695 861 754 at
881 692 1019 770 reliquias
1040 694 1099 770 igni
1119 711 1241 771 congre·

135 796 249 868 maret,
276 796 307 855 et
330 811 439 857 anuum
464 794 628 874 poenitect3
656 793 682 855 ai
703 795 805 856 autem
824 793 881 854 soit
901 795 932 854 et
951 793 1069 872 negligit
1090 794 1241 873 poenbem

133 897 209 956 tiam
231 897 412 969 commotus,
434 895 464 956 X
485 903 577 956 annos
597 894 753 975 poeniteat

199 996 245 1057 De
271 994 409 1076 operibus
436 996 493 1057 diei
523 995 668 1058 dominici.
710 992 816 1056 Graeci
840 998 872 1057 et
896 994 1019 1058 Romani
1046 998 1185 1076 navigant
1211 992 1294 1057 ettit

135 1094 285 1174 equitant,
313 1113 420 1176 panem
449 1113 506 1158 non
533 1093 660 1168 iaciunt,
689 1111 744 1156 ncc
772 1093 802 1154 in
831 1111 922 1156 curru
950 1100 1091 1175 pergunt,
1121 1098 1177 1159 nisi
1205 1095 1242 1160 ad

137 1196 293 1260 ecclesiam
311 1199 442 1267 tantum,
464 1213 518 1257 nec
534 1194 672 1258 balneant
687 1211 730 1257 ae.
767 1192 873 1255 Graeci
892 1212 948 1258 non
967 1196 1098 1261 scribunt
1116 1196 1243 1277 publice,

135 1299 235 1358 tamen
256 1313 311 1375 per
332 1296 536 1358 necessitatem
559 1293 688 1356 scribent
708 1311 841 1356 seorsum
862 1295 891 1355 in
914 1294 1009 1358 domo.

200 1393 259 1469 Qui
280 1398 438 1475 operantur
458 1397 487 1454 in
510 1394 557 1455 die
579 1394 738 1468 dominico,
766 1395 863 1471 graeci
890 1397 984 1474 prima
1008 1398 1074 1460 vice
1098 1402 1242 1476 arguunt,

136 1496 265 1562 mounda
285 1495 386 1556 tollent
407 1493 535 1573 aliquid,
562 1495 648 1558 tertia
669 1495 734 1554 vice
755 1496 872 1562 tertiam
894 1500 1008 1574 partem
1035 1498 1072 1558 de
1098 1499 1187 1562 rebus
1213 1502 1244 1560 et

136 1595 334 1669 rabulabunt,
361 1593 408 1656 cel
429 1593 486 1656 Vll
508 1594 571 1655 dies
591 1594 767 1672 poeniteant.

201 1694 306 1758 Gracci
334 1697 364 1756 ot
392 1693 516 1756 Romani
531 1694 616 1778 *dant
640 1694 736 1762 servis
766 1694 827 1756 suis
855 1696 1031 1759 uestimenta
1054 1701 1085 1758 et
1111 1697 1244 1762 laborant

135 1799 194 1860 nisi
224 1796 271 1857 die
303 1795 457 1858 dominico.
503 1792 682 1858 Graecorum
718 1793 866 1857 monachi
889 1812 992 1860 servos
1028 1813 1083 1858 non
1119 1797 1244 1872 babent,

139 1897 266 1959 Romani
287 1895 408 1957 habent.

202 1998 234 2078 Si
259 1997 328 2074 quis
352 1998 452 2061 autem
480 1995 508 2054 in
537 1992 681 2056 dominico
707 1991 754 2054 die
779 2011 833 2073 per
856 1996 1061 2073 negligentiam
1086 1995 1244 2076 ieiunavit,
1289 2036 1298 2059 .=

139 2096 329 2161 ebdomadam
350 2099 441 2158 totam
463 2092 550 2156 debet
571 2093 737 2165 abstenira,
765 2095 943 2160 obsecunda
971 2095 1031 2163 XX
1058 2097 1121 2160 dies
1146 2099 1246 2179 poenle

140 2202 220 2272 teat,
249 2199 275 2260 si
299 2200 399 2277 postea
423 2193 479 2256 XL
501 2194 574 2256 dias.
616 2193 650 2258 Si
678 2211 732 2273 pro
760 2192 944 2258 damnatione
972 2198 1030 2262 diei
1054 2196 1245 2276 jejunaverit,

140 2301 216 2362 sicut
246 2297 395 2369 iudaeus,
431 2293 647 2356 abominabitur
677 2293 714 2357 ab
745 2295 881 2358 omnibus
915 2297 1048 2366 ecclesiis
1080 2298 1246 2373 catholicis,

140 2401 217 2464 sicut
236 2398 375 2460 iudaeus.
411 2393 516 2458 Graeci
538 2413 625 2458 omne
645 2394 693 2456 die
713 2395 865 2460 dominoco
886 2400 1118 2473 communicant,
1147 2399 1246 2463 clerici

140 2504 170 2561 et
190 2499 273 2572 laici,
296 2501 325 2558 et
347 2497 398 2574 qui
418 2495 513 2557 tribus
533 2495 746 2558 dominioomm
768 2496 871 2558 diebus
892 2515 951 2560 non
971 2501 1246 2573 communicaverit,

140 2598 445 2669 excommunicantur,
467 2597 544 2658 sicut
564 2613 689 2660 canones
709 2594 828 2657 babent.
864 2597 988 2661 Romani
1008 2598 1145 2660 similiter
1166 2617 1248 2662 com·

141 2701 310 2772 municant,
332 2699 382 2776 qui
396 2696 514 2770 volunt,
536 2697 587 2775 qui
601 2699 700 2757 autem
717 2695 830 2770 nolunt,
852 2714 908 2757 non
923 2700 1222 2762 excommunicantur.

205 2799 238 2862 Si
259 2801 325 2878 quis
346 2797 554 2876 contempserit
571 2796 711 2858 indictum
726 2793 868 2874 jejunium
889 2798 917 2860 in
937 2799 1108 2872 ecclesiam,
1132 2802 1162 2860 ct
1179 2815 1248 2860 con·
1260 2803 1303 2867 52

140 2905 187 2963 tra
208 2901 359 2961 decretum
380 2899 529 2958 seniorum
550 2895 668 2969 lecerit,
689 2897 753 2956 sine
774 2895 1075 2974 quadragesimam
1096 2898 1158 2960 dies
1179 2916 1249 2979 poe·

142 3002 249 3073 niteat;
277 3001 301 3061 si
327 3002 427 3060 autem
452 2998 481 3058 in
506 2997 746 3076 quadragesima,
774 3015 882 3058 annum
911 2999 1056 3075 integrum
1084 3001 1249 3080 poeniteam

142 3104 167 3164 si
198 3101 367 3180 frequenter
396 3099 497 3161 lecerit
523 3102 553 3159 et
581 3099 820 3165 consuetudinem
846 3101 920 3173 erit,
948 3100 1192 3170 exterminabitur
1212 3099 1249 3165 ab

142 3202 314 3275 ecclesiam,
336 3201 452 3262 domino
468 3199 600 3261 dicente:
624 3201 713 3277 siqui
730 3199 935 3263 scandalizavit
949 3219 1041 3262 unum
1056 3204 1086 3263 et
1101 3205 1207 3263 cetera.
1296 3229 1298 3236 ·

205 3302 348 3381 Legitima
361 3299 470 3379 jejunia
487 3303 548 3362 tres
565 3303 633 3362 sunt
653 3301 809 3364 constituta
827 3300 932 3380 populo
949 3302 978 3360 in
993 3320 1086 3362 auno:
1108 3300 1169 3363 -XL
1188 3300 1250 3363 dias
1264 3302 1305 3366 53

142 3407 212 3468 aute
227 3400 355 3481 pascha,
378 3399 428 3463 ubi
446 3399 575 3461 decimas
593 3400 661 3462 anni
678 3399 833 3473 soluimus,
856 3406 885 3461 et
900 3405 966 3480 post
980 3405 1168 3481 pentecosten
1183 3399 1250 3475 XL,

143 3506 175 3565 et
195 3506 263 3566 ante
283 3502 380 3566 natale
402 3501 509 3562 domini
531 3499 598 3561 XL.

208 3603 242 3664 ln
263 3605 358 3683 primo
379 3599 510 3678 conjugio
532 3598 686 3679 presbyter
707 3599 794 3660 debet
814 3598 936 3661 missam
957 3616 1061 3677 agere,
1083 3603 1113 3662 et
1133 3599 1251 3663 benedi·
1263 3598 1306 3664 at

144 3721 213 3764 cere
234 3702 351 3776 ambos,
373 3705 489 3781 etpost
510 3700 654 3763 abstineat
676 3719 709 3761 ae
730 3701 767 3764 ab
790 3699 943 3760 ecclesiam
965 3699 1060 3762 XXX
1080 3700 1160 3772 dies,
1184 3691 1251 3779 oui·

143 3802 202 3866 bus
229 3805 354 3884 peractis
381 3803 528 3882 poeniteat
549 3799 606 3861 XL
632 3798 694 3862 dies
722 3805 752 3862 ct
776 3802 881 3862 vacent
908 3800 1063 3874 orationis,
1093 3803 1124 3862 ct
1150 3803 1251 3879 postea

42 3923 44 3932 ’
142 3904 359 3966 communicent
380 3919 448 3964 cum
469 3900 623 3964 oblatione.

209 3999 329 4079 Siquis
351 4004 492 4076 maritus,
518 4001 565 4065 vel
588 4001 614 4060 si
639 4015 697 4078 qua
718 3998 825 4060 mulier
845 4001 946 4061 uotum
968 3996 1079 4060 babens
1101 3999 1306 4076 virginita-bb

144 4104 203 4175 tis,
233 4099 400 4181 adjungitur
423 4103 539 4174 uxoris,
573 4103 673 4180 postea
701 4116 758 4158 non
786 4098 913 4162 dimittat
940 4115 1077 4170 uxorem,
1110 4101 1162 4160 sed
1190 4103 1252 4160 tres

144 4221 237 4267 annos
258 4203 413 4282 poeniteat.

209 4301 258 4364 Sic
277 4306 345 4366 vota
365 4306 397 4363 et
417 4301 536 4364 lustulta
557 4305 587 4362 et
608 4299 791 4381 inportabilia
812 4299 969 4377 lrangeuda
991 4304 1069 4363 sunt.

209 4402 388 4496 Legitimum
422 4400 587 4481 eonjugium
626 4419 683 4464 uon
724 4402 793 4463 licet
832 4418 969 4479 separare
1008 4401 1072 4463 aine
1108 4415 1251 4472 consensu
1264 4396 1305 4462 56

146 4502 312 4569 amborum.
