3094 5100
663 319 672 332 ’
694 339 765 416 ns

238 536 342 598 Interr.
384 537 535 600 Promittis
556 542 587 599 te
608 537 645 600 de
666 539 832 618 praeteritis
853 538 945 618 culpis
966 539 1140 613 emendare,
1165 543 1196 600 et
1215 557 1280 602 om-

175 653 228 697 nes
249 639 468 700 adinventiones
489 638 595 701 diaboli
615 639 830 700 abrenuntiare.
871 639 960 717 Resp·
983 633 1132 703 Promitte.

237 734 341 797 lnterr.
384 735 486 799 Habes
508 737 596 798 fidem
618 738 779 800 confossam
801 741 831 798 et
856 739 977 817 peccata
1004 737 1136 799 confessa
1162 737 1224 798 Dec
1249 741 1279 798 et

174 834 318 919 sacerdoti
335 853 405 910 suo,
428 840 461 898 ut
476 839 664 900 remittantur
681 836 735 898 tibi
753 840 872 917 peccata
890 839 963 898 tuai
985 835 1079 898 credis
1095 837 1160 898 hoc.
1189 835 1278 919 Resp.

174 932 279 996 Credo.

236 1032 340 1094 interr.
383 1032 483 1096 Habes
505 1037 535 1095 in
556 1034 707 1098 voluntate
727 1039 795 1110 tua,
817 1034 894 1114 quod
916 1035 1001 1112 egisti
1022 1035 1279 1100 contramandate

175 1131 233 1194 Dei
255 1131 310 1194 hoc
332 1134 497 1194 emendare.
539 1134 628 1213 Resp.
650 1133 763 1195 Habeo.

236 1233 342 1294 interr.
385 1232 466 1295 Unde
494 1234 644 1296 confessus
673 1233 770 1304 luisti,
801 1233 848 1295 vis
876 1235 1084 1313 poenitentiam
1112 1235 1277 1313 suscipere,

173 1335 204 1392 et
225 1330 308 1394 illam
327 1327 402 1393 bene
422 1332 584 1405 custodire,
606 1335 637 1392 et
653 1350 757 1393 omnes
775 1330 993 1395 adinventiones
1011 1332 1118 1394 diaboli
1135 1333 1279 1395 abrenun-

172 1432 260 1503 lino,
282 1433 313 1492 et
333 1433 464 1492 sanctam
486 1432 645 1492 trinitatem
667 1430 796 1492 credere.
838 1429 927 1509 Resp.
949 1431 1031 1493 Volo.

236 1529 318 1592 Tunc
347 1534 511 1610 prosternet
541 1548 574 1595 sa
599 1531 751 1609 poenitens
775 1531 804 1590 in
829 1533 956 1605 terram,
985 1534 1016 1592 et
1045 1531 1279 1612 cumlacrymis

173 1630 268 1691 dicat:
304 1630 343 1690 Et
363 1631 392 1690 in
413 1628 460 1691 his
481 1632 510 1690 et
532 1631 560 1690 in
583 1630 647 1692 aliis
673 1631 752 1694 vitiis
777 1629 1011 1709 quibuscumque
1034 1631 1163 1694 humana
1190 1632 1279 1708 tragi-

172 1729 238 1792 litas
266 1732 366 1792 contra
397 1729 553 1792 Dominum
582 1733 612 1790 et
639 1729 808 1793 Creatorem
838 1747 924 1792 suum
952 1734 1004 1790 eut
1032 1731 1198 1806 cogitando,
1227 1732 1279 1792 aut

172 1830 332 1906 loquendo,
353 1832 406 1890 aut
425 1830 587 1908 operando,
608 1833 660 1892 ant
680 1828 865 1901 delectando,
887 1830 945 1892 aut·
960 1829 1189 1921 concupiscendo
1209 1846 1279 1908 pec·⁴

172 1947 240 1992 care
261 1931 374 2008 potest,
400 1930 429 1990 in
449 1928 585 1990 omuibus
607 1947 655 1989 me
676 1946 815 2008 peccasse
836 1930 866 1988 st
887 1945 972 1990 reum
994 1929 1022 1988 in
1045 1932 1202 2007 conspectu
1223 1927 1278 1990 Dei

172 2047 262 2109 super
279 2046 381 2088 omnes
400 2029 532 2090 homines
547 2045 613 2088 esse
628 2044 771 2104 cognosco
785 2028 815 2086 et
829 2025 976 2087 confiteor.
1013 2025 1173 2090 Humiliter
1188 2029 1277 2091 etiam

171 2128 217 2199 te,
239 2128 374 2188 sacerdos
395 2125 467 2199 Dei,
488 2144 613 2204 exposco
633 2128 667 2189 ut
688 2126 852 2188 intercedas
872 2143 924 2206 pro
943 2144 991 2187 me
1011 2129 1041 2186 et
1056 2129 1184 2204 peccatis
1202 2129 1278 2188 meis

170 2225 207 2287 ad
228 2227 391 2288 Dominum
408 2229 439 2287 et
460 2229 622 2288 creatorem
642 2229 791 2300 nostrum,
814 2229 958 2303 quatenus
979 2226 1015 2286 de
1038 2226 1084 2287 his
1107 2231 1137 2288 et
1157 2229 1194 2289 de
1214 2245 1279 2288 om-

170 2324 256 2387 nibus
277 2325 436 2388 sceleribus
457 2328 532 2387 meis
552 2329 669 2390 veniam
691 2329 721 2386 et
742 2326 950 2404 indulgentiam
970 2329 1108 2405 consequi
1129 2345 1255 2392 merear.

508 2587 511 2594 Ι
607 2506 836 2561 ORATIO.

233 2641 315 2707 Tunc
344 2643 480 2705 sacerdos
508 2641 603 2704 dicat:
640 2641 818 2704 Misereatur
848 2641 901 2701 tibi
933 2638 1070 2704 Christus
1101 2641 1179 2704 filius
1205 2641 1278 2705 Dei:

169 2746 256 2806 donet
276 2744 329 2806 tibi
345 2745 426 2806 Deus
447 2759 549 2806 veram
571 2742 778 2822 poenitentiam
799 2740 912 2815 iecere,
934 2741 1022 2803 fidem
1044 2745 1170 2817 rectam,
1192 2761 1278 2824 spem

169 2849 297 2918 certam,
319 2837 496 2905 charitatem'
514 2839 692 2921 perfectam,
713 2859 815 2904 veram
834 2840 1029 2904 humilitatem
1048 2844 1078 2902 et
1095 2844 1277 2922 sapientiam,

169 2945 357 3006 sobrietatem
368 2947 398 3002 et
409 2942 603 3014 tolerantiam,
624 2941 734 3002 bonum
750 2940 839 3003 finem
854 2944 884 3001 et
895 2943 1146 3021 perseverantiam
1160 2942 1277 3021 bonam.

169 3044 322 3121 Indulgeat
343 3041 394 3102 tibi
416 3041 496 3103 Deus
518 3043 614 3103 omnia
636 3043 753 3120 peccata
776 3043 825 3104 lun
847 3042 1020 3122 praeterita,
1044 3043 1225 3122 praesentia,
1248 3046 1278 3104 et

168 3143 267 3206 iutura
282 3139 316 3226 ¹).
358 3139 504 3202 illuminet
530 3145 559 3202 te
587 3142 706 3222 spiritus
732 3146 866 3215 sanctus,
898 3159 1016 3204 sensum
1044 3146 1128 3204 tuum
1155 3143 1277 3221 dirigat,

169 3244 297 3304 animam
318 3246 398 3304 tuam
421 3241 528 3314 salvet,
551 3242 738 3318 cogitationes
758 3247 874 3304 sancias
897 3241 949 3304 tibi
968 3244 1105 3323 inspiret,
1127 3243 1278 3310 advitam

169 3347 319 3404 aeternam
340 3345 369 3401 te
390 3341 543 3420 perducat.

231 3440 344 3503 Deinde
373 3441 510 3503 sacerdos
539 3459 606 3502 cum
635 3442 800 3521 poenitente
823 3459 856 3502 se
880 3445 1045 3520 prosternat
1068 3445 1097 3503 in
1123 3445 1218 3517 terra,
1247 3448 1278 3506 et
1379 3475 1382 3484 =

168 3543 302 3602 decantet
323 3542 376 3602 hos
397 3541 546 3603 Psalmos:
574 3540 719 3603 Miserere
740 3543 798 3600 mei
820 3541 901 3601 Deus
922 3559 1018 3626 usque
1039 3541 1076 3602 ad
1096 3559 1200 3602 omnes
1220 3543 1276 3603 iui-

169 3642 295 3719 quitetes
323 3658 405 3702 meas
433 3635 507 3702 dele.
552 3637 678 3702 Benedic
710 3643 806 3704 anima
833 3657 900 3702 mea
928 3640 1084 3702 Dominum
1113 3657 1208 3718 usque
1238 3642 1275 3704 ad

168 3739 379 3805 renovabitur.
398 3740 518 3805 Salsum
540 3741 585 3804 iac
606 3728 831 3803 servum'tuum
853 3741 987 3802 Domine.
1015 3740 1113 3803 Mittat
1133 3741 1274 3805 auxilium

169 3841 224 3903 tibi
245 3839 288 3903 de'
303 3846 411 3903 sancto.
454 3841 605 3904 Custodiet
625 3841 769 3904 Dominus
790 3846 819 3902 te
840 3841 876 3902 ab
898 3841 1076 3930 omnimalo
1098 3846 1153 3904 etc.
1271 3875 1275 3884 .
1307 3851 1312 3856 “

609 4026 840 4080 oacrio.

231 4159 367 4224 Christus
399 4160 477 4224 filius
505 4163 561 4225 Dei
591 4136 652 4225 riri
681 4180 872 4242 perseverare
903 4165 932 4224 te
963 4163 992 4223 in
1023 4161 1107 4226 bouis
1129 4119 1273 4245 ¹operibus

167 4262 258 4326 iaciat
279 4264 391 4324 cunctis
413 4263 516 4325 diebus
536 4264 616 4325 vitae
638 4267 722 4345 tuae,
744 4267 774 4325 et
794 4263 936 4344 perducat
954 4263 984 4324 in
1002 4265 1096 4326 vitam
1111 4269 1272 4332 aeternam.

168 4362 274 4425 Amen.

224 4522 251 4584 1)
269 4522 303 4576 V.
322 4523 411 4586 neam
430 4522 538 4578 ibidem.
561 4523 654 4576 nucu
672 4523 689 4577 Ι.
708 4522 751 4575 1⁰.
770 4533 792 4574 c.
809 4523 836 4576 ’1.

211 4610 379 4668 mamam,
394 4605 592 4668 &intrudendam
607 4609 628 4660 l.
642 4607 789 4669 conclusio.
1049 4606 1072 4681 8
