3094 5100
786 1237 851 1324 V.

516 1523 658 1605 utilit
681 1519 873 1604 dlllllClllll
898 1521 1120 1606 titudinis,
1221 1456 1223 1472 Ι

720 1766 922 1782 m

331 2003 362 2063 Si
384 2006 450 2079 quis
471 2023 523 2081 per
544 2007 718 2081 potestatem
737 2010 788 2066 aut
810 2005 936 2084 quolibet
958 2006 1071 2082 ingenio
1092 2024 1140 2067 res
1163 2005 1272 2068 alienas
1293 2004 1370 2070 malo

268 2103 369 2164 ordine
391 2104 544 2175 invaserit,
574 2103 615 2162 lll
637 2123 726 2165 annos
749 2105 912 2182 poeniteat,
941 2123 1032 2166 uuum
1058 2124 1094 2167 ex
1117 2105 1163 2166 his
1187 2105 1215 2164 iu
1241 2121 1315 2182 pane
1342 2112 1372 2164 et

268 2221 343 2282 aqua
366 2204 395 2261 et
417 2203 522 2263 multas
545 2203 715 2265 elemosinas
738 2204 833 2264 iaciat.

332 2301 363 2362 Si
385 2305 451 2378 quis
473 2303 508 2362 de
530 2304 691 2363 ministerio
713 2309 830 2364 sanctae
856 2303 997 2365 ecclesiae
1027 2303 1155 2379 quolibet
1181 2303 1267 2365 modo
1292 2301 1371 2366 irau-

272 2401 401 2471 daverit,
425 2401 477 2461 Vll
499 2420 589 2463 anuos
612 2405 775 2480 poeniteat,
797 2403 839 2462 lll
861 2421 897 2461 ex
919 2401 965 2462 his
987 2404 1016 2460 in
1040 2421 1113 2481 pane
1136 2406 1164 2463 et
1186 2421 1272 2479 aqua.

332 2501 363 2562 Si
385 2503 450 2577 quis
472 2521 524 2578 pro
545 2502 680 2561 mercede
697 2502 808 2581 jejunat
830 2507 860 2562 et
880 2502 973 2564 aliena
995 2504 1114 2579 peccata
1137 2503 1259 2577 suscipit
1280 2503 1308 2560 in
1330 2519 1372 2576 se,

271 2604 394 2661 nonest
417 2601 520 2676 dignus
543 2603 683 2661 nominari
706 2601 905 2673 Christianus,
931 2599 1043 2678 jejunat
1064 2620 1117 2678 pro
1138 2619 1170 2660 se
1195 2604 1260 2680 ipso
1280 2618 1373 2677 quau-

270 2707 333 2762 tum
350 2703 481 2780 promisit
498 2721 550 2780 pro
568 2703 623 2761 alio
637 2699 768 2779 jejunare
788 2707 818 2763 et
835 2701 910 2779 quod
927 2703 1054 2776 accepit,
1077 2701 1126 2760 det
1144 2700 1331 2779 pauperihus.

334 2800 369 2862 Si
391 2803 453 2880 puis
476 2800 586 2862 habens
607 2819 741 2880 sponsam
763 2804 866 2862 vitium
890 2803 916 2859 ei
937 2801 1066 2860 intulerit
1093 2804 1123 2858 et
1152 2818 1283 2859 sororem
1310 2796 1372 2874 ejus

270 2921 391 2962 uxorem
407 2903 505 2972 ducit,
527 2901 575 2960 illa
592 2918 663 2962 vero
678 2919 753 2978 quae
770 2903 873 2963 vitium
890 2917 977 2979 passa
995 2903 1039 2960 est
1056 2901 1080 2960 si
1098 2917 1131 2959 se
1146 2901 1241 2976 ipsum
1260 2900 1372 2973 occidit,

270 3005 442 3078 omnesqui
465 3000 553 3079 hujus
576 3001 643 3061 lacti
665 3002 795 3060 consensi
819 3004 903 3070 sunt,
926 2999 957 3059 X
980 3017 1068 3059 annos
1090 3000 1265 3076 poeniteant.

336 3101 453 3178 Siquis
476 3101 611 3160 sacerdos
636 3105 686 3162 aut
710 3099 833 3158 clericus
861 3119 893 3158 se
921 3105 973 3161 aut
1001 3099 1090 3158 alium
1120 3097 1320 3165 inebriaverit,
1349 3097 1374 3158 si

272 3219 324 3279 pro
346 3201 543 3270 humanitate,
575 3199 629 3258 XL
654 3200 717 3258 dies
739 3199 901 3277 poeniteat,
931 3198 1021 3258 laicus
1048 3197 1103 3257 Vll
1130 3197 1192 3256 dies
1217 3202 1246 3258 et
1272 3198 1297 3258 si
1322 3215 1375 3277 per

272 3301 370 3360 odium
393 3299 447 3359 hoc
468 3299 586 3369 lecerit,
610 3301 643 3358 ut
664 3299 807 3359 homicida
825 3298 982 3376 judicetur.

335 3400 366 3461 Si
385 3401 450 3476 quis
471 3398 580 3458 dederit
597 3396 681 3459 alicui
704 3401 836 3458 nesciens
855 3401 954 3475 potum
970 3399 1021 3456 aut
1039 3394 1154 3467 cibum,
1176 3397 1204 3455 in
1220 3413 1278 3472 quo
1295 3395 1375 3454 surix

273 3503 326 3562 aut
348 3500 497 3560 familiaris
519 3499 610 3558 bestia
635 3501 748 3557 mortua
771 3497 873 3567 luerit,
896 3495 936 3557 lll
959 3498 1203 3573 superpositiones
1225 3494 1321 3556 iaciat.

337 3598 453 3676 Siquis
476 3600 504 3657 iu
527 3598 671 3656 dominica
694 3615 746 3672 per
767 3596 968 3671 negligentiam
990 3613 1077 3674 opera
1101 3594 1168 3654 iacit
1188 3598 1239 3656 aut
1259 3611 1291 3652 se
1313 3592 1375 3651 bal-

274 3701 341 3760 neat
360 3704 410 3759 aut
428 3718 460 3758 se
479 3699 569 3757 tondit
588 3702 638 3756 ant
658 3697 736 3757 lavat
754 3699 855 3774 caput,
879 3695 931 3754 Vll
955 3696 1017 3754 dies
1039 3696 1200 3772 poeniteat,
1222 3694 1247 3752 si
1270 3694 1374 3752 iterum

273 3799 359 3872 iacit,
381 3800 438 3860 XL
459 3801 521 3858 dies
543 3800 690 3877 poeniteat
711 3800 740 3855 et
763 3798 786 3855 si
806 3814 858 3874 per
877 3795 1090 3854 damnationem
1110 3793 1178 3853 iacit
1196 3793 1250 3852 hoc
1271 3791 1326 3850 diei
1346 3794 1376 3850 et

274 3919 330 3960 uon
353 3898 553 3959 emendabitur
574 3897 735 3976 expellatur
756 3895 792 3955 ab
814 3896 936 3957 ecclesia
957 3894 1097 3956 catholica
1119 3895 1195 3954 sicut
1215 3892 1354 3952 iudaeus.

338 3997 367 4058 Si
391 4001 456 4076 quis
478 4002 544 4060 ante
563 3997 664 4058 horam
686 3997 844 4070 legitimam
863 3997 925 4054 siue
945 3993 1113 4053 infirmitate
1133 3996 1184 4052 aut
1204 3991 1376 4052 necessitate

275 4118 327 4179 per
349 4100 447 4175 gulam
471 4098 603 4175 prandit,
628 4096 652 4155 ll
677 4096 738 4154 dies
761 4097 788 4154 in
811 4112 886 4173 pane
907 4098 937 4152 et
958 4111 1034 4168 aqua
1057 4095 1211 4169 poeniteat.

340 4199 369 4260 Si
393 4200 458 4276 quis
480 4197 635 4257 manducat
655 4198 684 4253 et
707 4194 888 4273 postmodum
912 4193 1123 4264 communicat,
1151 4191 1202 4252 Vll
1224 4191 1285 4250 dies
1308 4207 1377 4269 poe·

276 4299 366 4359 niteat
388 4300 415 4356 in
440 4315 514 4374 pane
536 4300 566 4354 ct
587 4313 680 4371 aqua,
701 4295 813 4370 parvuli
836 4293 871 4351 de
893 4293 947 4352 hoc
968 4292 1116 4370 vapulent.

339 4399 369 4460 si
391 4398 457 4473 quis
479 4396 565 4456 deum
587 4400 672 4474 negat
693 4396 754 4454 sine
775 4394 949 4454 necessitate
972 4396 1001 4451 et
1023 4394 1128 4453 iterum
1151 4392 1324 4464 revertitur,
1345 4387 1378 4450 X

277 4498 361 4560 anuis
383 4496 542 4576 poeniteat,
566 4495 608 4556 lll
630 4513 667 4556 cx
687 4494 733 4555 his
755 4496 783 4554 in
804 4511 879 4571 pane
900 4496 929 4552 et
950 4510 1034 4569 aqua.
