3094 5100
673 331 744 410 125

150 527 231 589 filius
259 525 329 589 Heli
359 528 546 609 peccantibus
576 527 701 590 rebelles
732 529 801 591 binc
832 530 898 591 inde
930 531 1068 594 contrarii
1099 533 1258 593 existentes

151 628 294 707 exemplis
315 631 413 708 pravis
433 630 562 708 quotidie
583 617 698 710 pejores
718 629 788 692 iacti
806 634 883 693 sunt.
914 628 973 704 Qui
994 634 1094 692 antem
1115 630 1152 691 de
1172 648 1259 708 prae·

151 730 237 790 dictis
264 730 336 789 viris
365 747 417 808 per
445 729 589 791 occultam
620 728 830 790 contessionem
861 734 981 810 peccata
1010 731 1027 792 i
1057 749 1089 791 se
1116 728 1258 791 absconse

151 829 309 890 commissa
330 845 428 891 coram
449 829 541 890 oculis
563 829 634 902 Dei,
664 832 818 906 praesente
846 831 934 892 etiem
961 829 1111 890 secerdote
1138 830 1187 907 qui
1215 830 1258 889 eis

151 927 314 990 indicturus
343 933 388 988 est
411 929 636 1007 poenitentiam,
665 927 840 990 confitentur
867 932 897 989 et
926 931 1100 1007 semetipsos
1130 929 1258 1008 graviter

150 1027 309 1105 deliquisse
330 1029 485 1100 accusant,
512 1030 537 1088 si
558 1031 704 1090 veraciter
724 1031 935 1110 poenituerint,
964 1031 1047 1090 etse
1073 1047 1126 1107 per
1146 1025 1257 1106 jejunia

151 1129 182 1187 et
200 1127 415 1206 eleemosynae,
437 1127 625 1206 vigilissque,
647 1132 735 1208 atque
752 1148 851 1190 sacras
869 1130 1014 1190 orationes
1033 1148 1099 1190 cnm
1119 1128 1257 1208 lacrymis

150 1244 278 1307 purgare
301 1229 493 1299 certaverint,
515 1228 562 1288 bis
584 1230 672 1289 etiam
689 1226 716 1307 ¹)
735 1228 827 1305 gradu
848 1232 982 1301 servato,
1007 1246 1074 1308 spes
1096 1229 1200 1289 veniae
1221 1226 1257 1286 de

150 1327 350 1390 misericordia
366 1327 421 1388 Dei
439 1327 633 1407 pmmittenda
651 1331 714 1401 est,
736 1329 787 1405 qui
806 1346 908 1389 omnes
929 1328 1061 1389 homines
1079 1329 1142 1390 vult
1161 1328 1256 1390 salvos

151 1424 233 1498 ficri,
260 1426 348 1487 etad
369 1428 546 1503 agnitionem
567 1429 699 1489 veritatis
720 1430 890 1508 pervenire,
918 1445 1013 1505 neque
1039 1428 1103 1491 vult
1130 1431 1256 1490 mortem

151 1526 329 1605 peccatoris,
351 1525 403 1587 sed
425 1530 458 1586 ut
478 1531 666 1590 convertatur
686 1529 717 1586 et
737 1528 827 1588 vivet.
925 1582 928 1588 .

600 1838 752 1892 Cbl’l'l'lll..
771 1843 800 1892 1..

188 1959 226 2009 lic
243 1959 302 2016 illo,
327 1960 370 2021 nul
389 1971 434 2021 per
452 1958 602 2009 ebrletatem
620 1961 660 2010 vel
678 1961 843 2010 voracitatem
862 1961 1218 2013 Eucharistiam'tevomuerit.

213 2085 332 2164 Siquis
357 2104 408 2165 per
431 2084 604 2147 ebrietatem
626 2085 672 2147 vel
693 2087 882 2148 voracitatem
904 2088 1109 2151 eucharistiam
1133 2107 1254 2151 evomu-
1267 2090 1418 2193 {Ji-ff&

151 2186 224 2260 erit,
252 2186 445 2263 quadraginta
466 2183 528 2245 dies
550 2187 713 2266 poeniteat;
742 2188 768 2246 si
789 2187 827 2246 sit
848 2186 994 2261 Clericus,
1023 2188 1070 2249 vel
1091 2188 1418 2262 ldonacbuserpnues.

150 2303 204 2346 seu
223 2283 378 2346 Diaconos.
408 2284 582 2363 Presbyter,
605 2287 788 2365 septuaginta
806 2286 885 2348 diest
910 2287 1073 2366 Episcopus
1091 2291 1253 2368 nonaginta.
1265 2267 1403 2323 ¹⁵¹''⁵'‘“⁴⁶·

150 2383 182 2446 Si
202 2402 255 2464 pro
275 2382 451 2446 infirmitatis
472 2401 561 2448 causa
583 2387 761 2458 evomuerit,
783 2388 896 2464 septem
918 2387 980 2448 dies
1000 2390 1156 2468 poeniteat.

594 2699 748 2755 CAPITUL.
766 2705 807 2754 LI.

261 2879 269 2902 ι
360 2822 388 2874 Sl
406 2821 503 2885 ailquid
522 2822 555 2872 de
572 2823 652 2874 calice
669 2823 737 2875 sacri
754 2823 887 2886 sanguinis
905 2825 1045 2881 stillaverit.

214 2949 246 3013 Si
266 2949 338 3013 vend
359 2967 413 3028 per
433 2949 638 3027 negligentiam
662 2951 699 3011 de
724 2952 814 3012 calice
840 2952 949 3031 aliquid
971 2955 1125 3018 stillaverit
1145 2958 1174 3016 in
1195 2961 1257 3018 ter·

149 3069 232 3125 ram,
260 3050 360 3113 tabule
381 3049 510 3112 radetur.
546 3050 654 3112 Sinon
678 3048 769 3112 fuerit
793 3051 891 3116 tabula
916 3056 1029 3116 utnon
1054 3056 1255 3132 conculcetur,

150 3150 232 3214 locus
253 3150 444 3223 conradetur,
473 3155 502 3210 et
523 3151 552 3212 in
577 3153 645 3228 igne
666 3155 874 3229 consumetur,
901 3157 931 3216 et
957 3156 1031 3218 cinis
1060 3157 1136 3218 intra
1164 3158 1254 3220 altare

149 3250 343 3321 recondetur,
374 3254 404 3312 et
430 3250 567 3312 sacerdos
593 3251 785 3329 quadraginta
813 3253 876 3314 dies
904 3257 1058 3332 poeniteat.
1104 3256 1136 3318 Si
1167 3275 1256 3337 snper

150 3350 243 3412 sltore
259 3346 283 3428 ²)
306 3349 459 3412 stillaverit
480 3350 571 3423 calix,
600 3350 717 3413 sorbeat
732 3353 875 3413 minister
899 3355 1025 3436 stillam,
1053 3360 1084 3417 et
1109 3360 1169 3418 tres
1193 3357 1255 3420 dies

150 3451 314 3532 poeniteat:
340 3451 367 3510 si
387 3467 482 3526 usque
503 3449 539 3510 ad
560 3452 695 3523 tertiam,
717 3469 823 3513 novem
845 3451 924 3526 dies;
946 3456 970 3515 si
993 3457 1144 3534 usquead
1166 3476 1256 3534 quar·

149 3555 229 3624 tam,
259 3549 424 3628 quindecim
452 3548 525 3611 dies.
569 3551 609 3612 Et
638 3551 807 3613 linteamina
836 3572 912 3631 quae
943 3556 1102 3632 tetigerunt
1130 3557 1254 3630 stillam,

150 3649 245 3712 tribus
266 3651 398 3712 minister
419 3649 519 3712 abluat
539 3650 653 3717 vicibus
674 3651 764 3712 calice
786 3652 890 3714 subtus
911 3657 1021 3733 posito,
1049 3658 1080 3716 et
1103 3673 1179 3735 equa
1202 3655 1255 3719 ab·

150 3749 269 3811 lotionis
289 3754 440 3834 sumatur,
462 3752 492 3810 et
509 3749 593 3830 juxta
614 3751 705 3814 altare
726 3752 907 3818 recondatur.

204 4009 230 4072 t)
249 4013 280 4064 V.
299 4023 339 4074 ep.
357 4011 450 4062 isidori
468 4011 630 4075 Hispalensis
648 4011 681 4062 ad
698 4011 848 4064 Massonem
866 4011 1030 4078 Episcopum.
1049 4009 1052 4018 ¹
1171 4023 1174 4032 ·

204 4095 231 4160 i)
249 4100 282 4151 V.
300 4097 402 4150 iudicio
421 4097 536 4162 Gregorii
555 4098 604 4149 lli.
622 4109 645 4148 c.
662 4097 706 4150 28.
