<?xml version="1.0" encoding="UTF-8"?>
<!DOCTYPE html PUBLIC "-//W3C//DTD XHTML 1.0 Transitional//EN"
    "http://www.w3.org/TR/xhtml1/DTD/xhtml1-transitional.dtd">
<html xmlns="http://www.w3.org/1999/xhtml" xml:lang="en" lang="en">
 <head>
  <title>
</title>
<meta http-equiv="Content-Type" content="text/html;charset=utf-8" />
  <meta name='ocr-system' content='tesseract 3.04.00' />
  <meta name='ocr-capabilities' content='ocr_page ocr_carea ocr_par ocr_line ocrx_word'/>
</head>
<body>
  <div class='ocr_page' id='page_1' title='image "./dielateinischen00kunsgoog_0108.png"; bbox 0 0 3094 5100; ppageno 0'>
   <div class='ocr_carea' id='block_1_1' title="bbox 837 335 887 414">
    <p class='ocr_par' dir='ltr' id='par_1_1' title="bbox 837 335 887 414">
     <span class='ocr_line' id='line_1_1' title="bbox 837 335 887 414; baseline -0.04 0"><span class='ocrx_word' id='word_1_1' title='bbox 837 335 887 414; x_wconf 79' lang='lat' dir='ltr'><strong>bl</strong></span> 
     </span>
    </p>
   </div>
   <div class='ocr_carea' id='block_1_2' title="bbox 313 535 1418 814">
    <p class='ocr_par' dir='ltr' id='par_1_2' title="bbox 313 535 1418 814">
     <span class='ocr_line' id='line_1_2' title="bbox 313 535 1417 614; baseline 0.001 -18"><span class='ocrx_word' id='word_1_2' title='bbox 313 553 379 596; x_wconf 91' lang='lat' dir='ltr'><strong>rum</strong></span> <span class='ocrx_word' id='word_1_3' title='bbox 401 535 586 610; x_wconf 86' lang='lat' dir='ltr'><strong>discutiatur,</strong></span> <span class='ocrx_word' id='word_1_4' title='bbox 619 537 694 598; x_wconf 89' lang='lat' dir='ltr'><strong>etsi</strong></span> <span class='ocrx_word' id='word_1_5' title='bbox 716 536 801 614; x_wconf 89' lang='lat' dir='ltr'><strong>digna</strong></span> <span class='ocrx_word' id='word_1_6' title='bbox 822 537 940 598; x_wconf 86' lang='lat' dir='ltr'><strong>inventa</strong></span> <span class='ocrx_word' id='word_1_7' title='bbox 961 535 1067 609; x_wconf 85' lang='lat' dir='ltr'><strong>luerit,</strong></span> <span class='ocrx_word' id='word_1_8' title='bbox 1094 540 1166 596; x_wconf 85' lang='lat' dir='ltr'><strong>tunc</strong></span> <span class='ocrx_word' id='word_1_9' title='bbox 1192 535 1268 598; x_wconf 88' lang='lat' dir='ltr'><strong>hanc</strong></span> <span class='ocrx_word' id='word_1_10' title='bbox 1296 535 1417 598; x_wconf 84' lang='lat' dir='ltr'><strong>beniuo-</strong></span> 
     </span>
     <span class='ocr_line' id='line_1_3' title="bbox 313 633 1418 714; baseline 0.005 -22"><span class='ocrx_word' id='word_1_11' title='bbox 313 633 432 696; x_wconf 87' lang='lat' dir='ltr'><strong>lentiam</strong></span> <span class='ocrx_word' id='word_1_12' title='bbox 452 634 571 698; x_wconf 90' lang='lat' dir='ltr'><strong>demum</strong></span> <span class='ocrx_word' id='word_1_13' title='bbox 592 638 815 713; x_wconf 86' lang='lat' dir='ltr'><strong>consequantur.</strong></span> <span class='ocrx_word' id='word_1_14' title='bbox 842 634 998 697; x_wconf 83' lang='lat' dir='ltr'><strong>Sciendum</strong></span> <span class='ocrx_word' id='word_1_15' title='bbox 1020 638 1065 695; x_wconf 90' lang='lat' dir='ltr'><strong>est</strong></span> <span class='ocrx_word' id='word_1_16' title='bbox 1084 653 1165 707; x_wconf 76' lang='lat' dir='ltr'><strong>vero,</strong></span> <span class='ocrx_word' id='word_1_17' title='bbox 1187 637 1254 713; x_wconf 86' lang='lat' dir='ltr'><strong>quia</strong></span> <span class='ocrx_word' id='word_1_18' title='bbox 1276 653 1330 714; x_wconf 90' lang='lat' dir='ltr'><strong>pro</strong></span> <span class='ocrx_word' id='word_1_19' title='bbox 1344 653 1418 714; x_wconf 87' lang='lat' dir='ltr'><strong>qua·</strong></span> 
     </span>
     <span class='ocr_line' id='line_1_4' title="bbox 313 732 1096 814; baseline 0.001 -22"><span class='ocrx_word' id='word_1_20' title='bbox 313 732 394 795; x_wconf 88' lang='lat' dir='ltr'><strong>litate</strong></span> <span class='ocrx_word' id='word_1_21' title='bbox 415 736 570 796; x_wconf 86' lang='lat' dir='ltr'><strong>criminum</strong></span> <span class='ocrx_word' id='word_1_22' title='bbox 590 738 719 798; x_wconf 83' lang='lat' dir='ltr'><strong>varietas</strong></span> <span class='ocrx_word' id='word_1_23' title='bbox 740 741 906 813; x_wconf 85' lang='lat' dir='ltr'><strong>temporum</strong></span> <span class='ocrx_word' id='word_1_24' title='bbox 927 737 1021 814; x_wconf 86' lang='lat' dir='ltr'><strong>posita</strong></span> <span class='ocrx_word' id='word_1_25' title='bbox 1042 738 1096 795; x_wconf 88' lang='lat' dir='ltr'><strong>est.</strong></span> 
     </span>
    </p>
   </div>
   <div class='ocr_carea' id='block_1_3' title="bbox 312 909 1537 1005">
    <p class='ocr_par' dir='ltr' id='par_1_3' title="bbox 312 909 1537 1005">
     <span class='ocr_line' id='line_1_5' title="bbox 312 909 1537 1005; baseline -0.005 -7"><span class='ocrx_word' id='word_1_26' title='bbox 312 943 423 998; x_wconf 77' lang='lat' dir='ltr'><strong>m.</strong></span> <span class='ocrx_word' id='word_1_27' title='bbox 461 945 506 994; x_wconf 82' lang='lat' dir='ltr'><strong>nn</strong></span> <span class='ocrx_word' id='word_1_28' title='bbox 524 942 857 996; x_wconf 82' lang='lat' dir='ltr'><strong>eonnrnonnrronn</strong></span> <span class='ocrx_word' id='word_1_29' title='bbox 876 942 1140 1005; x_wconf 77' lang='lat' dir='ltr'><strong>neruncrorauu,</strong></span> <span class='ocrx_word' id='word_1_30' title='bbox 1158 941 1227 992; x_wconf 81' lang='lat' dir='ltr'><strong>vnn</strong></span> <span class='ocrx_word' id='word_1_31' title='bbox 1246 943 1292 993; x_wconf 87' lang='lat' dir='ltr'><strong>nn</strong></span> <span class='ocrx_word' id='word_1_32' title='bbox 1312 942 1420 993; x_wconf 81' lang='lat' dir='ltr'><strong>mssa</strong></span> <span class='ocrx_word' id='word_1_33' title='bbox 1536 909 1537 920; x_wconf 69' lang='grc'>’</span> 
     </span>
    </p>
   </div>
   <div class='ocr_carea' id='block_1_4' title="bbox 313 1027 1420 1168">
    <p class='ocr_par' dir='ltr' id='par_1_4' title="bbox 313 1027 1420 1168">
     <span class='ocr_line' id='line_1_6' title="bbox 313 1027 1420 1115; baseline 0 -35"><span class='ocrx_word' id='word_1_34' title='bbox 313 1029 381 1082; x_wconf 83' lang='lat' dir='ltr'><strong>PRO</strong></span> <span class='ocrx_word' id='word_1_35' title='bbox 400 1031 468 1088; x_wconf 79' lang='lat' dir='ltr'><strong>Eis,</strong></span> <span class='ocrx_word' id='word_1_36' title='bbox 492 1031 541 1115; x_wconf 27' lang='grc' dir='ltr'><strong>ΕΤ,</strong></span> <span class='ocrx_word' id='word_1_37' title='bbox 556 1029 621 1082; x_wconf 83' lang='lat' dir='ltr'><strong>CUR</strong></span> <span class='ocrx_word' id='word_1_38' title='bbox 640 1031 704 1086; x_wconf 77' lang='grc' dir='ltr'><strong>ΙΙΙ..</strong></span> <span class='ocrx_word' id='word_1_39' title='bbox 730 1031 803 1085; x_wconf 80' lang='lat' dir='ltr'><strong>vll..</strong></span> <span class='ocrx_word' id='word_1_40' title='bbox 828 1030 896 1080; x_wconf 75' lang='lat' dir='ltr'><strong>vul</strong></span> <span class='ocrx_word' id='word_1_41' title='bbox 915 1031 1015 1084; x_wconf 85' lang='lat' dir='ltr'>XXX..</span> <span class='ocrx_word' id='word_1_42' title='bbox 1041 1028 1111 1081; x_wconf 73' lang='lat' dir='ltr'><strong>AUT</strong></span> <span class='ocrx_word' id='word_1_43' title='bbox 1135 1027 1420 1082; x_wconf 72' lang='lat' dir='ltr'><strong>Auulvuusaulus</strong></span> 
     </span>
     <span class='ocr_line' id='line_1_7' title="bbox 696 1116 1035 1168; baseline -0.003 -1"><span class='ocrx_word' id='word_1_44' title='bbox 696 1117 772 1167; x_wconf 87' lang='lat' dir='ltr'>DIES</span> <span class='ocrx_word' id='word_1_45' title='bbox 792 1116 1035 1168; x_wconf 77' lang='lat' dir='ltr'>CAELEBRETUR.</span> 
     </span>
    </p>
   </div>
   <div class='ocr_carea' id='block_1_5' title="bbox 259 1235 1421 1816">
    <p class='ocr_par' dir='ltr' id='par_1_5' title="bbox 259 1235 1421 1816">
     <span class='ocr_line' id='line_1_8' title="bbox 259 1235 1420 1314; baseline -0.001 -16"><span class='ocrx_word' id='word_1_46' title='bbox 259 1254 263 1258; x_wconf 85' lang='lat'>·</span> <span class='ocrx_word' id='word_1_47' title='bbox 377 1243 405 1310; x_wconf 86' lang='lat'><strong>§.</strong></span> <span class='ocrx_word' id='word_1_48' title='bbox 428 1237 457 1298; x_wconf 87' lang='lat'><strong>1.</strong></span> <span class='ocrx_word' id='word_1_49' title='bbox 489 1235 580 1296; x_wconf 90' lang='lat' dir='ltr'><strong>Missa</strong></span> <span class='ocrx_word' id='word_1_50' title='bbox 607 1255 660 1314; x_wconf 87' lang='lat' dir='ltr'><strong>pro</strong></span> <span class='ocrx_word' id='word_1_51' title='bbox 687 1237 810 1314; x_wconf 81' lang='lat' dir='ltr'><strong>mortuis</strong></span> <span class='ocrx_word' id='word_1_52' title='bbox 839 1237 868 1295; x_wconf 91' lang='lat' dir='ltr'><strong>in</strong></span> <span class='ocrx_word' id='word_1_53' title='bbox 897 1235 953 1296; x_wconf 89' lang='lat' dir='ltr'><strong>boc</strong></span> <span class='ocrx_word' id='word_1_54' title='bbox 980 1235 1077 1295; x_wconf 83' lang='lat' dir='ltr'><strong>dillert</strong></span> <span class='ocrx_word' id='word_1_55' title='bbox 1104 1256 1121 1297; x_wconf 93' lang='lat' dir='ltr'><strong>a</strong></span> <span class='ocrx_word' id='word_1_56' title='bbox 1145 1239 1283 1296; x_wconf 90' lang='lat' dir='ltr'><strong>consueta</strong></span> <span class='ocrx_word' id='word_1_57' title='bbox 1310 1235 1420 1307; x_wconf 84' lang='lat' dir='ltr'><strong>missa,</strong></span> 
     </span>
     <span class='ocr_line' id='line_1_9' title="bbox 314 1333 1421 1418; baseline -0.005 -18"><span class='ocrx_word' id='word_1_58' title='bbox 314 1337 390 1418; x_wconf 91' lang='lat' dir='ltr'><strong>quod</strong></span> <span class='ocrx_word' id='word_1_59' title='bbox 412 1338 475 1398; x_wconf 92' lang='lat' dir='ltr'><strong>sine</strong></span> <span class='ocrx_word' id='word_1_60' title='bbox 497 1333 613 1407; x_wconf 80' lang='lat' dir='ltr'><strong>Gloria,</strong></span> <span class='ocrx_word' id='word_1_61' title='bbox 635 1339 665 1395; x_wconf 91' lang='lat' dir='ltr'><strong>et</strong></span> <span class='ocrx_word' id='word_1_62' title='bbox 687 1335 831 1408; x_wconf 83' lang='lat' dir='ltr'><strong>Alleluia,</strong></span> <span class='ocrx_word' id='word_1_63' title='bbox 854 1337 883 1394; x_wconf 92' lang='lat' dir='ltr'><strong>et</strong></span> <span class='ocrx_word' id='word_1_64' title='bbox 905 1337 985 1412; x_wconf 89' lang='lat' dir='ltr'><strong>pacis</strong></span> <span class='ocrx_word' id='word_1_65' title='bbox 1006 1335 1121 1406; x_wconf 85' lang='lat' dir='ltr'><strong>osculo,</strong></span> <span class='ocrx_word' id='word_1_66' title='bbox 1143 1333 1335 1397; x_wconf 76' lang='lat' dir='ltr'><strong>caelebratur.</strong></span> <span class='ocrx_word' id='word_1_67' title='bbox 1367 1335 1421 1395; x_wconf 87' lang='lat' dir='ltr'><strong>So·</strong></span> 
     </span>
     <span class='ocr_line' id='line_1_10' title="bbox 313 1433 1421 1512; baseline -0.004 -14"><span class='ocrx_word' id='word_1_68' title='bbox 313 1439 409 1498; x_wconf 89' lang='lat' dir='ltr'><strong>lemos</strong></span> <span class='ocrx_word' id='word_1_69' title='bbox 437 1437 609 1496; x_wconf 82' lang='lat' dir='ltr'><strong>memoriam</strong></span> <span class='ocrx_word' id='word_1_70' title='bbox 639 1438 822 1496; x_wconf 89' lang='lat' dir='ltr'><strong>mortuorum</strong></span> <span class='ocrx_word' id='word_1_71' title='bbox 854 1435 1027 1511; x_wconf 86' lang='lat' dir='ltr'><strong>generaliter</strong></span> <span class='ocrx_word' id='word_1_72' title='bbox 1058 1433 1207 1512; x_wconf 87' lang='lat' dir='ltr'><strong>celebrare</strong></span> <span class='ocrx_word' id='word_1_73' title='bbox 1235 1435 1348 1506; x_wconf 88' lang='lat' dir='ltr'><strong>tercia,</strong></span> <span class='ocrx_word' id='word_1_74' title='bbox 1386 1451 1421 1494; x_wconf 87' lang='lat' dir='ltr'><strong>ao</strong></span> 
     </span>
     <span class='ocr_line' id='line_1_11' title="bbox 315 1532 1420 1614; baseline -0.004 -18"><span class='ocrx_word' id='word_1_75' title='bbox 315 1539 458 1614; x_wconf 85' lang='lat' dir='ltr'><strong>septima,</strong></span> <span class='ocrx_word' id='word_1_76' title='bbox 481 1538 511 1595; x_wconf 89' lang='lat' dir='ltr'><strong>et</strong></span> <span class='ocrx_word' id='word_1_77' title='bbox 532 1536 678 1596; x_wconf 88' lang='lat' dir='ltr'><strong>tricesima</strong></span> <span class='ocrx_word' id='word_1_78' title='bbox 701 1535 766 1606; x_wconf 88' lang='lat' dir='ltr'><strong>dic;</strong></span> <span class='ocrx_word' id='word_1_79' title='bbox 788 1532 866 1594; x_wconf 90' lang='lat' dir='ltr'><strong>unde</strong></span> <span class='ocrx_word' id='word_1_80' title='bbox 888 1534 976 1594; x_wconf 88' lang='lat' dir='ltr'><strong>talem</strong></span> <span class='ocrx_word' id='word_1_81' title='bbox 997 1533 1141 1595; x_wconf 87' lang='lat' dir='ltr'><strong>habemus</strong></span> <span class='ocrx_word' id='word_1_82' title='bbox 1163 1535 1367 1595; x_wconf 87' lang='lat' dir='ltr'><strong>auctoritatem</strong></span> <span class='ocrx_word' id='word_1_83' title='bbox 1390 1534 1420 1592; x_wconf 92' lang='lat' dir='ltr'><strong>in</strong></span> 
     </span>
     <span class='ocr_line' id='line_1_12' title="bbox 314 1632 1421 1712; baseline -0.003 -17"><span class='ocrx_word' id='word_1_84' title='bbox 314 1635 415 1696; x_wconf 89' lang='lat' dir='ltr'><strong>Veteri</strong></span> <span class='ocrx_word' id='word_1_85' title='bbox 436 1635 642 1706; x_wconf 82' lang='lat' dir='ltr'><strong>Testamento3</strong></span> <span class='ocrx_word' id='word_1_86' title='bbox 672 1635 813 1712; x_wconf 80' lang='lat' dir='ltr'><strong>scriptum</strong></span> <span class='ocrx_word' id='word_1_87' title='bbox 841 1638 885 1692; x_wconf 88' lang='lat' dir='ltr'><strong>est</strong></span> <span class='ocrx_word' id='word_1_88' title='bbox 907 1634 936 1691; x_wconf 94' lang='lat' dir='ltr'><strong>in</strong></span> <span class='ocrx_word' id='word_1_89' title='bbox 958 1632 1031 1692; x_wconf 93' lang='lat' dir='ltr'><strong>libro</strong></span> <span class='ocrx_word' id='word_1_90' title='bbox 1052 1633 1265 1704; x_wconf 80' lang='lat' dir='ltr'><strong>Numerarem,</strong></span> <span class='ocrx_word' id='word_1_91' title='bbox 1294 1633 1421 1712; x_wconf 89' lang='lat' dir='ltr'><strong>capitulo</strong></span> 
     </span>
     <span class='ocr_line' id='line_1_13' title="bbox 315 1731 1421 1816; baseline -0.004 -20"><span class='ocrx_word' id='word_1_92' title='bbox 315 1735 485 1808; x_wconf 87' lang='lat' dir='ltr'><strong>XLVll.¹):</strong></span> <span class='ocrx_word' id='word_1_93' title='bbox 510 1735 588 1809; x_wconf 86' lang='lat' dir='ltr'><strong>«Qui</strong></span> <span class='ocrx_word' id='word_1_94' title='bbox 609 1734 738 1809; x_wconf 87' lang='lat' dir='ltr'><strong>tetigerit</strong></span> <span class='ocrx_word' id='word_1_95' title='bbox 758 1733 883 1793; x_wconf 85' lang='lat' dir='ltr'><strong>cadaver</strong></span> <span class='ocrx_word' id='word_1_96' title='bbox 904 1731 1040 1804; x_wconf 87' lang='lat' dir='ltr'><strong>hominis,</strong></span> <span class='ocrx_word' id='word_1_97' title='bbox 1063 1736 1093 1792; x_wconf 92' lang='lat' dir='ltr'><strong>et</strong></span> <span class='ocrx_word' id='word_1_98' title='bbox 1114 1735 1233 1810; x_wconf 87' lang='lat' dir='ltr'><strong>propter</strong></span> <span class='ocrx_word' id='word_1_99' title='bbox 1254 1731 1309 1793; x_wconf 93' lang='lat' dir='ltr'><strong>hoc</strong></span> <span class='ocrx_word' id='word_1_100' title='bbox 1331 1733 1421 1816; x_wconf 89' lang='lat' dir='ltr'><strong>luerit</strong></span> 
     </span>
    </p>
   </div>
   <div class='ocr_carea' id='block_1_6' title="bbox 244 1831 1424 4206">
    <p class='ocr_par' dir='ltr' id='par_1_6' title="bbox 244 1831 1424 4206">
     <span class='ocr_line' id='line_1_14' title="bbox 314 1831 1421 1911; baseline -0.004 -15"><span class='ocrx_word' id='word_1_101' title='bbox 314 1835 469 1896; x_wconf 89' lang='lat' dir='ltr'><strong>inmundus</strong></span> <span class='ocrx_word' id='word_1_102' title='bbox 492 1835 556 1895; x_wconf 92' lang='lat' dir='ltr'><strong>Vll.</strong></span> <span class='ocrx_word' id='word_1_103' title='bbox 578 1833 656 1906; x_wconf 89' lang='lat' dir='ltr'><strong>dies,</strong></span> <span class='ocrx_word' id='word_1_104' title='bbox 685 1836 857 1911; x_wconf 86' lang='lat' dir='ltr'><strong>aspergatur</strong></span> <span class='ocrx_word' id='word_1_105' title='bbox 877 1850 953 1910; x_wconf 90' lang='lat' dir='ltr'><strong>aqua</strong></span> <span class='ocrx_word' id='word_1_106' title='bbox 974 1831 1125 1892; x_wconf 84' lang='lat' dir='ltr'><strong>benedicta</strong></span> <span class='ocrx_word' id='word_1_107' title='bbox 1148 1832 1194 1892; x_wconf 91' lang='lat' dir='ltr'><strong>die</strong></span> <span class='ocrx_word' id='word_1_108' title='bbox 1217 1831 1267 1892; x_wconf 91' lang='lat' dir='ltr'><strong>lll.</strong></span> <span class='ocrx_word' id='word_1_109' title='bbox 1291 1836 1320 1892; x_wconf 93' lang='lat' dir='ltr'><strong>et</strong></span> <span class='ocrx_word' id='word_1_110' title='bbox 1343 1831 1421 1905; x_wconf 73' lang='lat' dir='ltr'><strong>vu,</strong></span> 
     </span>
     <span class='ocr_line' id='line_1_15' title="bbox 314 1931 1421 2006; baseline -0.007 -10"><span class='ocrx_word' id='word_1_111' title='bbox 314 1939 345 1995; x_wconf 88' lang='lat' dir='ltr'><strong>el</strong></span> <span class='ocrx_word' id='word_1_112' title='bbox 366 1938 408 1996; x_wconf 85' lang='lat' dir='ltr'><strong>sic</strong></span> <span class='ocrx_word' id='word_1_113' title='bbox 429 1933 645 1994; x_wconf 87' lang='lat' dir='ltr'><strong>mundabitur».</strong></span> <span class='ocrx_word' id='word_1_114' title='bbox 689 1939 717 2006; x_wconf 74' lang='lat'><strong>§-</strong></span> <span class='ocrx_word' id='word_1_115' title='bbox 740 1935 769 1995; x_wconf 75' lang='lat'><strong>2.</strong></span> <span class='ocrx_word' id='word_1_116' title='bbox 792 1934 824 1994; x_wconf 93' lang='lat' dir='ltr'><strong>ln</strong></span> <span class='ocrx_word' id='word_1_117' title='bbox 846 1932 1039 1994; x_wconf 84' lang='lat' dir='ltr'><strong>celebratione</strong></span> <span class='ocrx_word' id='word_1_118' title='bbox 1060 1937 1158 1994; x_wconf 88' lang='lat' dir='ltr'><strong>autem</strong></span> <span class='ocrx_word' id='word_1_119' title='bbox 1180 1932 1294 1992; x_wconf 90' lang='lat' dir='ltr'><strong>dierum</strong></span> <span class='ocrx_word' id='word_1_120' title='bbox 1316 1931 1421 1993; x_wconf 86' lang='lat' dir='ltr'>XXX.</span> 
     </span>
     <span class='ocr_line' id='line_1_16' title="bbox 315 2031 1422 2111; baseline -0.005 -15"><span class='ocrx_word' id='word_1_121' title='bbox 315 2034 426 2096; x_wconf 83' lang='lat' dir='ltr'><strong>sullulti</strong></span> <span class='ocrx_word' id='word_1_122' title='bbox 449 2051 551 2094; x_wconf 89' lang='lat' dir='ltr'><strong>sumus</strong></span> <span class='ocrx_word' id='word_1_123' title='bbox 573 2031 667 2110; x_wconf 82' lang='lat' dir='ltr'><strong>Moysi</strong></span> <span class='ocrx_word' id='word_1_124' title='bbox 689 2036 719 2093; x_wconf 91' lang='lat' dir='ltr'><strong>et</strong></span> <span class='ocrx_word' id='word_1_125' title='bbox 741 2034 839 2094; x_wconf 82' lang='lat' dir='ltr'><strong>Aaron</strong></span> <span class='ocrx_word' id='word_1_126' title='bbox 861 2031 1072 2102; x_wconf 80' lang='lat' dir='ltr'><strong>celebratione3</strong></span> <span class='ocrx_word' id='word_1_127' title='bbox 1100 2033 1139 2094; x_wconf 85' lang='lat' dir='ltr'><strong>ila</strong></span> <span class='ocrx_word' id='word_1_128' title='bbox 1162 2033 1303 2111; x_wconf 88' lang='lat' dir='ltr'><strong>scriptum</strong></span> <span class='ocrx_word' id='word_1_129' title='bbox 1326 2033 1422 2092; x_wconf 87' lang='lat' dir='ltr'><strong>estin</strong></span> 
     </span>
     <span class='ocr_line' id='line_1_17' title="bbox 315 2131 1422 2214; baseline -0.002 -22"><span class='ocrx_word' id='word_1_130' title='bbox 315 2135 417 2194; x_wconf 90' lang='lat' dir='ltr'><strong>eodem</strong></span> <span class='ocrx_word' id='word_1_131' title='bbox 439 2132 522 2204; x_wconf 90' lang='lat' dir='ltr'><strong>libro,</strong></span> <span class='ocrx_word' id='word_1_132' title='bbox 545 2133 669 2212; x_wconf 85' lang='lat' dir='ltr'><strong>capitulo</strong></span> <span class='ocrx_word' id='word_1_133' title='bbox 691 2133 724 2192; x_wconf 89' lang='lat' dir='ltr'><strong>L.</strong></span> <span class='ocrx_word' id='word_1_134' title='bbox 735 2131 774 2214; x_wconf 84' lang='lat'><strong>²):</strong></span> <span class='ocrx_word' id='word_1_135' title='bbox 800 2131 929 2194; x_wconf 88' lang='lat' dir='ltr'><strong>«Omnis</strong></span> <span class='ocrx_word' id='word_1_136' title='bbox 950 2131 1104 2192; x_wconf 88' lang='lat' dir='ltr'><strong>multitudo</strong></span> <span class='ocrx_word' id='word_1_137' title='bbox 1125 2133 1227 2193; x_wconf 84' lang='lat' dir='ltr'><strong>videns</strong></span> <span class='ocrx_word' id='word_1_138' title='bbox 1247 2131 1422 2193; x_wconf 86' lang='lat' dir='ltr'><strong>occubuisse</strong></span> 
     </span>
     <span class='ocr_line' id='line_1_18' title="bbox 315 2231 1422 2311; baseline -0.002 -17"><span class='ocrx_word' id='word_1_139' title='bbox 315 2234 422 2303; x_wconf 83' lang='lat' dir='ltr'><strong>Aaron,</strong></span> <span class='ocrx_word' id='word_1_140' title='bbox 445 2232 524 2292; x_wconf 88' lang='lat' dir='ltr'><strong>llevit</strong></span> <span class='ocrx_word' id='word_1_141' title='bbox 545 2250 634 2310; x_wconf 85' lang='lat' dir='ltr'><strong>super</strong></span> <span class='ocrx_word' id='word_1_142' title='bbox 656 2251 690 2292; x_wconf 92' lang='lat' dir='ltr'><strong>eo</strong></span> <span class='ocrx_word' id='word_1_143' title='bbox 704 2232 806 2293; x_wconf 90' lang='lat' dir='ltr'>XXX.</span> <span class='ocrx_word' id='word_1_144' title='bbox 829 2232 940 2304; x_wconf 87' lang='lat' dir='ltr'><strong>diebus,</strong></span> <span class='ocrx_word' id='word_1_145' title='bbox 961 2251 1014 2311; x_wconf 88' lang='lat' dir='ltr'><strong>per</strong></span> <span class='ocrx_word' id='word_1_146' title='bbox 1035 2237 1153 2294; x_wconf 86' lang='lat' dir='ltr'><strong>cunctas</strong></span> <span class='ocrx_word' id='word_1_147' title='bbox 1175 2231 1299 2295; x_wconf 81' lang='lat' dir='ltr'><strong>familias</strong></span> <span class='ocrx_word' id='word_1_148' title='bbox 1321 2249 1422 2292; x_wconf 80' lang='lat' dir='ltr'><strong>suas».</strong></span> 
     </span>
     <span class='ocr_line' id='line_1_19' title="bbox 314 2329 1424 2412; baseline -0.001 -20"><span class='ocrx_word' id='word_1_149' title='bbox 314 2333 355 2392; x_wconf 89' lang='lat' dir='ltr'><strong>Et</strong></span> <span class='ocrx_word' id='word_1_150' title='bbox 377 2333 484 2392; x_wconf 88' lang='lat' dir='ltr'><strong>iterum</strong></span> <span class='ocrx_word' id='word_1_151' title='bbox 507 2333 535 2391; x_wconf 92' lang='lat' dir='ltr'><strong>in</strong></span> <span class='ocrx_word' id='word_1_152' title='bbox 555 2333 797 2403; x_wconf 88' lang='lat' dir='ltr'><strong>Deuteronomio,</strong></span> <span class='ocrx_word' id='word_1_153' title='bbox 819 2332 856 2391; x_wconf 87' lang='lat' dir='ltr'><strong>de</strong></span> <span class='ocrx_word' id='word_1_154' title='bbox 877 2333 983 2410; x_wconf 84' lang='lat' dir='ltr'><strong>Moysi,</strong></span> <span class='ocrx_word' id='word_1_155' title='bbox 1005 2331 1130 2410; x_wconf 86' lang='lat' dir='ltr'><strong>capitulo</strong></span> <span class='ocrx_word' id='word_1_156' title='bbox 1144 2329 1312 2412; x_wconf 82' lang='lat' dir='ltr'><strong>CLllll.³):</strong></span> <span class='ocrx_word' id='word_1_157' title='bbox 1336 2331 1424 2392; x_wconf 84' lang='lat' dir='ltr'><strong>«Fle-</strong></span> 
     </span>
     <span class='ocr_line' id='line_1_20' title="bbox 315 2431 1422 2510; baseline 0.001 -21"><span class='ocrx_word' id='word_1_158' title='bbox 315 2434 421 2492; x_wconf 80' lang='lat' dir='ltr'><strong>verunt</strong></span> <span class='ocrx_word' id='word_1_159' title='bbox 450 2449 538 2509; x_wconf 88' lang='lat' dir='ltr'><strong>super</strong></span> <span class='ocrx_word' id='word_1_160' title='bbox 567 2451 635 2492; x_wconf 91' lang='lat' dir='ltr'><strong>eum</strong></span> <span class='ocrx_word' id='word_1_161' title='bbox 664 2431 716 2491; x_wconf 86' lang='lat' dir='ltr'><strong>lilii</strong></span> <span class='ocrx_word' id='word_1_162' title='bbox 747 2431 854 2505; x_wconf 90' lang='lat' dir='ltr'><strong>lsrael,</strong></span> <span class='ocrx_word' id='word_1_163' title='bbox 886 2435 915 2491; x_wconf 93' lang='lat' dir='ltr'><strong>in</strong></span> <span class='ocrx_word' id='word_1_164' title='bbox 942 2431 1155 2510; x_wconf 86' lang='lat' dir='ltr'><strong>campestribus</strong></span> <span class='ocrx_word' id='word_1_165' title='bbox 1183 2431 1286 2505; x_wconf 89' lang='lat' dir='ltr'><strong>Moab,</strong></span> <span class='ocrx_word' id='word_1_166' title='bbox 1316 2431 1422 2492; x_wconf 93' lang='lat' dir='ltr'>XXX.</span> 
     </span>
     <span class='ocr_line' id='line_1_21' title="bbox 315 2529 1423 2608; baseline 0.002 -18"><span class='ocrx_word' id='word_1_167' title='bbox 315 2529 456 2591; x_wconf 83' lang='lat' dir='ltr'><strong>diebus».</strong></span> <span class='ocrx_word' id='word_1_168' title='bbox 508 2534 537 2601; x_wconf 62' lang='grc' dir='ltr'><strong>δ.</strong></span> <span class='ocrx_word' id='word_1_169' title='bbox 568 2529 595 2588; x_wconf 89' lang='grc'><strong>3.</strong></span> <span class='ocrx_word' id='word_1_170' title='bbox 627 2531 805 2593; x_wconf 89' lang='lat' dir='ltr'><strong>inmundum</strong></span> <span class='ocrx_word' id='word_1_171' title='bbox 837 2535 936 2593; x_wconf 88' lang='lat' dir='ltr'><strong>autern</strong></span> <span class='ocrx_word' id='word_1_172' title='bbox 966 2531 1090 2593; x_wconf 85' lang='lat' dir='ltr'><strong>cadaver</strong></span> <span class='ocrx_word' id='word_1_173' title='bbox 1121 2531 1246 2591; x_wconf 89' lang='lat' dir='ltr'><strong>hominis</strong></span> <span class='ocrx_word' id='word_1_174' title='bbox 1278 2529 1423 2608; x_wconf 88' lang='lat' dir='ltr'><strong>pollutam</strong></span> 
     </span>
     <span class='ocr_line' id='line_1_22' title="bbox 316 2628 1423 2710; baseline 0.002 -22"><span class='ocrx_word' id='word_1_175' title='bbox 316 2631 444 2692; x_wconf 88' lang='lat' dir='ltr'><strong>animam</strong></span> <span class='ocrx_word' id='word_1_176' title='bbox 470 2630 614 2706; x_wconf 84' lang='lat' dir='ltr'><strong>significat</strong></span> <span class='ocrx_word' id='word_1_177' title='bbox 634 2633 757 2692; x_wconf 89' lang='lat' dir='ltr'><strong>mortuis</strong></span> <span class='ocrx_word' id='word_1_178' title='bbox 780 2631 926 2710; x_wconf 89' lang='lat' dir='ltr'><strong>operibus.</strong></span> <span class='ocrx_word' id='word_1_179' title='bbox 969 2635 996 2702; x_wconf 86' lang='lat'><strong>§.</strong></span> <span class='ocrx_word' id='word_1_180' title='bbox 1021 2628 1050 2691; x_wconf 82' lang='lat' dir='ltr'><strong>l.</strong></span> <span class='ocrx_word' id='word_1_181' title='bbox 1079 2631 1216 2706; x_wconf 86' lang='lat' dir='ltr'><strong>Purgatio</strong></span> <span class='ocrx_word' id='word_1_182' title='bbox 1238 2631 1347 2690; x_wconf 87' lang='lat' dir='ltr'><strong>mortui</strong></span> <span class='ocrx_word' id='word_1_183' title='bbox 1369 2629 1423 2690; x_wconf 91' lang='lat' dir='ltr'><strong>ho·</strong></span> 
     </span>
     <span class='ocr_line' id='line_1_23' title="bbox 244 2726 1423 2808; baseline -0.002 -16"><span class='ocrx_word' id='word_1_184' title='bbox 244 2726 247 2732; x_wconf 76' lang='grc'><em>’</em></span> <span class='ocrx_word' id='word_1_185' title='bbox 313 2732 401 2792; x_wconf 89' lang='lat' dir='ltr'><strong>minis</strong></span> <span class='ocrx_word' id='word_1_186' title='bbox 422 2749 474 2808; x_wconf 86' lang='lat' dir='ltr'><strong>per</strong></span> <span class='ocrx_word' id='word_1_187' title='bbox 496 2731 671 2792; x_wconf 85' lang='lat' dir='ltr'><strong>sacrificium</strong></span> <span class='ocrx_word' id='word_1_188' title='bbox 694 2731 868 2802; x_wconf 89' lang='lat' dir='ltr'><strong>sacerdotis,</strong></span> <span class='ocrx_word' id='word_1_189' title='bbox 894 2733 982 2790; x_wconf 90' lang='lat' dir='ltr'><strong>tertio</strong></span> <span class='ocrx_word' id='word_1_190' title='bbox 1002 2731 1049 2790; x_wconf 92' lang='lat' dir='ltr'><strong>die</strong></span> <span class='ocrx_word' id='word_1_191' title='bbox 1071 2735 1100 2790; x_wconf 90' lang='lat' dir='ltr'><strong>et</strong></span> <span class='ocrx_word' id='word_1_192' title='bbox 1122 2730 1185 2790; x_wconf 87' lang='lat' dir='ltr'><strong>Vll.</strong></span> <span class='ocrx_word' id='word_1_193' title='bbox 1214 2732 1347 2806; x_wconf 88' lang='lat' dir='ltr'><strong>congruit</strong></span> <span class='ocrx_word' id='word_1_194' title='bbox 1370 2749 1423 2790; x_wconf 89' lang='lat' dir='ltr'><strong>ua-</strong></span> 
     </span>
     <span class='ocr_line' id='line_1_24' title="bbox 314 2828 1422 2909; baseline -0.005 -16"><span class='ocrx_word' id='word_1_195' title='bbox 314 2836 397 2893; x_wconf 89' lang='lat' dir='ltr'><strong>turae</strong></span> <span class='ocrx_word' id='word_1_196' title='bbox 418 2829 581 2891; x_wconf 85' lang='lat' dir='ltr'><strong>humanae:</strong></span> <span class='ocrx_word' id='word_1_197' title='bbox 604 2835 756 2908; x_wconf 87' lang='lat' dir='ltr'><strong>peecatum</strong></span> <span class='ocrx_word' id='word_1_198' title='bbox 779 2833 909 2903; x_wconf 91' lang='lat' dir='ltr'><strong>animae,</strong></span> <span class='ocrx_word' id='word_1_199' title='bbox 932 2848 1008 2909; x_wconf 90' lang='lat' dir='ltr'><strong>quae</strong></span> <span class='ocrx_word' id='word_1_200' title='bbox 1029 2831 1155 2906; x_wconf 84' lang='lat' dir='ltr'><strong>neglexit</strong></span> <span class='ocrx_word' id='word_1_201' title='bbox 1176 2829 1232 2890; x_wconf 91' lang='lat' dir='ltr'><strong>Del</strong></span> <span class='ocrx_word' id='word_1_202' title='bbox 1255 2828 1369 2889; x_wconf 92' lang='lat' dir='ltr'><strong>cultum</strong></span> <span class='ocrx_word' id='word_1_203' title='bbox 1392 2831 1422 2889; x_wconf 93' lang='lat' dir='ltr'><strong>in</strong></span> 
     </span>
     <span class='ocr_line' id='line_1_25' title="bbox 315 2929 1422 3008; baseline 0 -18"><span class='ocrx_word' id='word_1_204' title='bbox 315 2931 502 3008; x_wconf 87' lang='lat' dir='ltr'><strong>cogitatione,</strong></span> <span class='ocrx_word' id='word_1_205' title='bbox 523 2933 593 3002; x_wconf 85' lang='lat' dir='ltr'><strong>vita,</strong></span> <span class='ocrx_word' id='word_1_206' title='bbox 615 2935 644 2990; x_wconf 89' lang='lat' dir='ltr'><strong>et</strong></span> <span class='ocrx_word' id='word_1_207' title='bbox 666 2935 694 2991; x_wconf 93' lang='lat' dir='ltr'><strong>in</strong></span> <span class='ocrx_word' id='word_1_208' title='bbox 716 2931 875 3001; x_wconf 90' lang='lat' dir='ltr'><strong>intellectu,</strong></span> <span class='ocrx_word' id='word_1_209' title='bbox 898 2929 1049 2990; x_wconf 88' lang='lat' dir='ltr'><strong>humiliter</strong></span> <span class='ocrx_word' id='word_1_210' title='bbox 1072 2929 1244 3000; x_wconf 85' lang='lat' dir='ltr'><strong>confitendo,</strong></span> <span class='ocrx_word' id='word_1_211' title='bbox 1267 2929 1422 2990; x_wconf 88' lang='lat' dir='ltr'><strong>ollerimus</strong></span> 
     </span>
     <span class='ocr_line' id='line_1_26' title="bbox 314 3029 1423 3109; baseline 0 -21"><span class='ocrx_word' id='word_1_212' title='bbox 314 3030 375 3090; x_wconf 86' lang='lat' dir='ltr'><strong>lleo</strong></span> <span class='ocrx_word' id='word_1_213' title='bbox 403 3029 578 3090; x_wconf 87' lang='lat' dir='ltr'><strong>sacrificinm</strong></span> <span class='ocrx_word' id='word_1_214' title='bbox 599 3031 692 3090; x_wconf 88' lang='lat' dir='ltr'><strong>tercio</strong></span> <span class='ocrx_word' id='word_1_215' title='bbox 712 3031 774 3102; x_wconf 91' lang='lat' dir='ltr'><strong>die,</strong></span> <span class='ocrx_word' id='word_1_216' title='bbox 802 3034 835 3090; x_wconf 88' lang='lat' dir='ltr'><strong>ut</strong></span> <span class='ocrx_word' id='word_1_217' title='bbox 856 3030 893 3092; x_wconf 91' lang='lat' dir='ltr'><strong>ab</strong></span> <span class='ocrx_word' id='word_1_218' title='bbox 915 3030 961 3090; x_wconf 87' lang='lat' dir='ltr'><strong>bis</strong></span> <span class='ocrx_word' id='word_1_219' title='bbox 981 3031 1109 3109; x_wconf 89' lang='lat' dir='ltr'><strong>peccatis</strong></span> <span class='ocrx_word' id='word_1_220' title='bbox 1131 3031 1289 3109; x_wconf 85' lang='lat' dir='ltr'><strong>purgetur:</strong></span> <span class='ocrx_word' id='word_1_221' title='bbox 1318 3029 1423 3091; x_wconf 85' lang='lat' dir='ltr'><strong>simili-</strong></span> 
     </span>
     <span class='ocr_line' id='line_1_27' title="bbox 314 3129 1423 3209; baseline 0 -19"><span class='ocrx_word' id='word_1_222' title='bbox 314 3133 360 3190; x_wconf 90' lang='lat' dir='ltr'><strong>ter</strong></span> <span class='ocrx_word' id='word_1_223' title='bbox 382 3131 535 3207; x_wconf 86' lang='lat' dir='ltr'><strong>peecatum</strong></span> <span class='ocrx_word' id='word_1_224' title='bbox 557 3129 633 3205; x_wconf 90' lang='lat' dir='ltr'><strong>quod</strong></span> <span class='ocrx_word' id='word_1_225' title='bbox 653 3149 706 3208; x_wconf 89' lang='lat' dir='ltr'><strong>per</strong></span> <span class='ocrx_word' id='word_1_226' title='bbox 728 3148 832 3209; x_wconf 86' lang='lat' dir='ltr'><strong>corpus</strong></span> <span class='ocrx_word' id='word_1_227' title='bbox 854 3133 953 3207; x_wconf 88' lang='lat' dir='ltr'><strong>gessit,</strong></span> <span class='ocrx_word' id='word_1_228' title='bbox 976 3133 1110 3208; x_wconf 86' lang='lat' dir='ltr'><strong>cupimus</strong></span> <span class='ocrx_word' id='word_1_229' title='bbox 1133 3130 1250 3209; x_wconf 88' lang='lat' dir='ltr'><strong>purgari</strong></span> <span class='ocrx_word' id='word_1_230' title='bbox 1271 3130 1300 3188; x_wconf 93' lang='lat' dir='ltr'><strong>in</strong></span> <span class='ocrx_word' id='word_1_231' title='bbox 1317 3133 1423 3207; x_wconf 85' lang='lat' dir='ltr'><strong>quartu</strong></span> 
     </span>
     <span class='ocr_line' id='line_1_28' title="bbox 314 3228 1422 3309; baseline 0.005 -22"><span class='ocrx_word' id='word_1_232' title='bbox 314 3229 362 3288; x_wconf 92' lang='lat' dir='ltr'><strong>die</strong></span> <span class='ocrx_word' id='word_1_233' title='bbox 387 3231 453 3305; x_wconf 91' lang='lat' dir='ltr'><strong>post</strong></span> <span class='ocrx_word' id='word_1_234' title='bbox 481 3229 605 3288; x_wconf 87' lang='lat' dir='ltr'><strong>tercium</strong></span> <span class='ocrx_word' id='word_1_235' title='bbox 631 3228 723 3302; x_wconf 91' lang='lat' dir='ltr'><strong>diem,</strong></span> <span class='ocrx_word' id='word_1_236' title='bbox 753 3229 863 3301; x_wconf 88' lang='lat' dir='ltr'><strong>idest,</strong></span> <span class='ocrx_word' id='word_1_237' title='bbox 894 3229 960 3289; x_wconf 89' lang='lat' dir='ltr'><strong>Vll.</strong></span> <span class='ocrx_word' id='word_1_238' title='bbox 983 3231 1195 3309; x_wconf 84' lang='lat' dir='ltr'><strong>postmortem</strong></span> <span class='ocrx_word' id='word_1_239' title='bbox 1217 3247 1321 3300; x_wconf 90' lang='lat' dir='ltr'><strong>suam,</strong></span> <span class='ocrx_word' id='word_1_240' title='bbox 1352 3230 1422 3308; x_wconf 85' lang='lat' dir='ltr'><strong>quia</strong></span> 
     </span>
     <span class='ocr_line' id='line_1_29' title="bbox 314 3326 1424 3404; baseline -0.001 -15"><span class='ocrx_word' id='word_1_241' title='bbox 314 3345 420 3404; x_wconf 84' lang='lat' dir='ltr'><strong>corpus</strong></span> <span class='ocrx_word' id='word_1_242' title='bbox 440 3328 598 3387; x_wconf 87' lang='lat' dir='ltr'><strong>notissimis</strong></span> <span class='ocrx_word' id='word_1_243' title='bbox 619 3327 773 3388; x_wconf 89' lang='lat' dir='ltr'><strong>elementis</strong></span> <span class='ocrx_word' id='word_1_244' title='bbox 795 3328 936 3389; x_wconf 86' lang='lat' dir='ltr'><strong>subsistit.</strong></span> <span class='ocrx_word' id='word_1_245' title='bbox 981 3333 1011 3399; x_wconf 83' lang='lat'><strong>§.</strong></span> <span class='ocrx_word' id='word_1_246' title='bbox 1028 3326 1057 3388; x_wconf 80' lang='lat'><strong>5.</strong></span> <span class='ocrx_word' id='word_1_247' title='bbox 1081 3328 1202 3389; x_wconf 89' lang='lat' dir='ltr'><strong>Duobus</strong></span> <span class='ocrx_word' id='word_1_248' title='bbox 1224 3327 1318 3388; x_wconf 85' lang='lat' dir='ltr'><strong>modis</strong></span> <span class='ocrx_word' id='word_1_249' title='bbox 1339 3346 1424 3388; x_wconf 91' lang='lat' dir='ltr'><strong>oom-</strong></span> 
     </span>
     <span class='ocr_line' id='line_1_30' title="bbox 314 3425 1422 3505; baseline 0.001 -18"><span class='ocrx_word' id='word_1_250' title='bbox 314 3427 440 3487; x_wconf 89' lang='lat' dir='ltr'><strong>mittitur</strong></span> <span class='ocrx_word' id='word_1_251' title='bbox 468 3444 555 3485; x_wconf 90' lang='lat' dir='ltr'><strong>omne</strong></span> <span class='ocrx_word' id='word_1_252' title='bbox 582 3431 752 3505; x_wconf 86' lang='lat' dir='ltr'><strong>peceatum,</strong></span> <span class='ocrx_word' id='word_1_253' title='bbox 783 3430 833 3487; x_wconf 92' lang='lat' dir='ltr'><strong>aut</strong></span> <span class='ocrx_word' id='word_1_254' title='bbox 862 3425 993 3487; x_wconf 87' lang='lat' dir='ltr'><strong>iaciendo</strong></span> <span class='ocrx_word' id='word_1_255' title='bbox 1021 3445 1055 3486; x_wconf 87' lang='lat' dir='ltr'><strong>ea</strong></span> <span class='ocrx_word' id='word_1_256' title='bbox 1083 3443 1159 3504; x_wconf 89' lang='lat' dir='ltr'><strong>quae</strong></span> <span class='ocrx_word' id='word_1_257' title='bbox 1184 3445 1240 3486; x_wconf 92' lang='lat' dir='ltr'><strong>non</strong></span> <span class='ocrx_word' id='word_1_258' title='bbox 1262 3425 1422 3488; x_wconf 87' lang='lat' dir='ltr'><strong>debuimus</strong></span> 
     </span>
     <span class='ocr_line' id='line_1_31' title="bbox 313 3525 1423 3604; baseline 0.004 -19"><span class='ocrx_word' id='word_1_259' title='bbox 313 3525 429 3598; x_wconf 87' lang='lat' dir='ltr'><strong>lacere,</strong></span> <span class='ocrx_word' id='word_1_260' title='bbox 459 3530 510 3587; x_wconf 89' lang='lat' dir='ltr'><strong>aut</strong></span> <span class='ocrx_word' id='word_1_261' title='bbox 537 3527 696 3587; x_wconf 89' lang='lat' dir='ltr'><strong>omittendo</strong></span> <span class='ocrx_word' id='word_1_262' title='bbox 717 3545 752 3587; x_wconf 90' lang='lat' dir='ltr'><strong>ea</strong></span> <span class='ocrx_word' id='word_1_263' title='bbox 774 3545 850 3604; x_wconf 89' lang='lat' dir='ltr'><strong>quae</strong></span> <span class='ocrx_word' id='word_1_264' title='bbox 872 3526 1028 3588; x_wconf 90' lang='lat' dir='ltr'><strong>debuimus</strong></span> <span class='ocrx_word' id='word_1_265' title='bbox 1049 3525 1155 3588; x_wconf 88' lang='lat' dir='ltr'><strong>lacere.</strong></span> <span class='ocrx_word' id='word_1_266' title='bbox 1200 3531 1227 3598; x_wconf 86' lang='lat'><strong>§.</strong></span> <span class='ocrx_word' id='word_1_267' title='bbox 1251 3528 1281 3588; x_wconf 88' lang='grc'><strong>6.</strong></span> <span class='ocrx_word' id='word_1_268' title='bbox 1312 3525 1423 3589; x_wconf 90' lang='lat' dir='ltr'><strong>Omnia</strong></span> 
     </span>
     <span class='ocr_line' id='line_1_32' title="bbox 314 3624 1424 3707; baseline 0.002 -21"><span class='ocrx_word' id='word_1_269' title='bbox 314 3629 434 3706; x_wconf 86' lang='lat' dir='ltr'><strong>peccata</strong></span> <span class='ocrx_word' id='word_1_270' title='bbox 456 3644 533 3703; x_wconf 89' lang='lat' dir='ltr'><strong>quae</strong></span> <span class='ocrx_word' id='word_1_271' title='bbox 554 3629 613 3703; x_wconf 91' lang='lat' dir='ltr'><strong>egit</strong></span> <span class='ocrx_word' id='word_1_272' title='bbox 635 3630 664 3686; x_wconf 89' lang='lat' dir='ltr'><strong>et</strong></span> <span class='ocrx_word' id='word_1_273' title='bbox 685 3645 742 3686; x_wconf 94' lang='lat' dir='ltr'><strong>non</strong></span> <span class='ocrx_word' id='word_1_274' title='bbox 764 3626 864 3687; x_wconf 92' lang='lat' dir='ltr'><strong>debuit</strong></span> <span class='ocrx_word' id='word_1_275' title='bbox 886 3644 991 3704; x_wconf 88' lang='lat' dir='ltr'><strong>agere,</strong></span> <span class='ocrx_word' id='word_1_276' title='bbox 1014 3624 1156 3687; x_wconf 85' lang='lat' dir='ltr'><strong>deflemus</strong></span> <span class='ocrx_word' id='word_1_277' title='bbox 1179 3644 1274 3703; x_wconf 85' lang='lat' dir='ltr'><strong>usque</strong></span> <span class='ocrx_word' id='word_1_278' title='bbox 1294 3625 1332 3688; x_wconf 87' lang='lat' dir='ltr'><strong>ad</strong></span> <span class='ocrx_word' id='word_1_279' title='bbox 1353 3645 1424 3707; x_wconf 87' lang='lat' dir='ltr'><strong>sep-</strong></span> 
     </span>
     <span class='ocr_line' id='line_1_33' title="bbox 313 3725 1422 3804; baseline 0.002 -19"><span class='ocrx_word' id='word_1_280' title='bbox 313 3727 418 3785; x_wconf 92' lang='lat' dir='ltr'><strong>timum</strong></span> <span class='ocrx_word' id='word_1_281' title='bbox 446 3725 539 3798; x_wconf 93' lang='lat' dir='ltr'><strong>diern,</strong></span> <span class='ocrx_word' id='word_1_282' title='bbox 569 3727 597 3785; x_wconf 95' lang='lat' dir='ltr'><strong>in</strong></span> <span class='ocrx_word' id='word_1_283' title='bbox 625 3745 683 3804; x_wconf 90' lang='lat' dir='ltr'><strong>quo</strong></span> <span class='ocrx_word' id='word_1_284' title='bbox 709 3744 833 3786; x_wconf 91' lang='lat' dir='ltr'><strong>numero</strong></span> <span class='ocrx_word' id='word_1_285' title='bbox 854 3726 1022 3802; x_wconf 90' lang='lat' dir='ltr'><strong>designatur</strong></span> <span class='ocrx_word' id='word_1_286' title='bbox 1043 3727 1233 3798; x_wconf 85' lang='lat' dir='ltr'><strong>universitas;</strong></span> <span class='ocrx_word' id='word_1_287' title='bbox 1267 3725 1422 3804; x_wconf 81' lang='lat' dir='ltr'><strong>deinceps,</strong></span> 
     </span>
     <span class='ocr_line' id='line_1_34' title="bbox 313 3825 1424 3905; baseline 0.001 -18"><span class='ocrx_word' id='word_1_288' title='bbox 313 3844 408 3905; x_wconf 83' lang='lat' dir='ltr'><strong>usque</strong></span> <span class='ocrx_word' id='word_1_289' title='bbox 430 3825 466 3886; x_wconf 93' lang='lat' dir='ltr'><strong>ad</strong></span> <span class='ocrx_word' id='word_1_290' title='bbox 486 3827 668 3888; x_wconf 85' lang='lat' dir='ltr'><strong>tricesimum</strong></span> <span class='ocrx_word' id='word_1_291' title='bbox 691 3827 779 3899; x_wconf 89' lang='lat' dir='ltr'><strong>diem,</strong></span> <span class='ocrx_word' id='word_1_292' title='bbox 801 3843 939 3903; x_wconf 88' lang='lat' dir='ltr'><strong>rogamus</strong></span> <span class='ocrx_word' id='word_1_293' title='bbox 961 3829 990 3885; x_wconf 90' lang='lat' dir='ltr'><strong>et</strong></span> <span class='ocrx_word' id='word_1_294' title='bbox 1011 3843 1063 3904; x_wconf 85' lang='lat' dir='ltr'><strong>pro</strong></span> <span class='ocrx_word' id='word_1_295' title='bbox 1085 3825 1141 3886; x_wconf 86' lang='lat' dir='ltr'><strong>illis</strong></span> <span class='ocrx_word' id='word_1_296' title='bbox 1162 3844 1238 3903; x_wconf 86' lang='lat' dir='ltr'><strong>quae</strong></span> <span class='ocrx_word' id='word_1_297' title='bbox 1260 3827 1360 3888; x_wconf 90' lang='lat' dir='ltr'><strong>debuit</strong></span> <span class='ocrx_word' id='word_1_298' title='bbox 1379 3825 1424 3889; x_wconf 88' lang='lat' dir='ltr'><strong>la·</strong></span> 
     </span>
     <span class='ocr_line' id='line_1_35' title="bbox 314 3926 1423 4004; baseline 0 -17"><span class='ocrx_word' id='word_1_299' title='bbox 314 3944 381 3987; x_wconf 83' lang='lat' dir='ltr'><strong>uere</strong></span> <span class='ocrx_word' id='word_1_300' title='bbox 403 3929 433 3986; x_wconf 90' lang='lat' dir='ltr'><strong>et</strong></span> <span class='ocrx_word' id='word_1_301' title='bbox 454 3944 510 3985; x_wconf 92' lang='lat' dir='ltr'><strong>non</strong></span> <span class='ocrx_word' id='word_1_302' title='bbox 532 3926 612 3987; x_wconf 88' lang='lat' dir='ltr'><strong>lecit.</strong></span> <span class='ocrx_word' id='word_1_303' title='bbox 655 3931 683 3998; x_wconf 75' lang='lat'><strong>§-</strong></span> <span class='ocrx_word' id='word_1_304' title='bbox 705 3928 735 3987; x_wconf 85' lang='lat'><strong>7.</strong></span> <span class='ocrx_word' id='word_1_305' title='bbox 765 3927 904 3988; x_wconf 90' lang='lat' dir='ltr'><strong>Seorsum</strong></span> <span class='ocrx_word' id='word_1_306' title='bbox 926 3944 996 3987; x_wconf 84' lang='lat' dir='ltr'><strong>vero</strong></span> <span class='ocrx_word' id='word_1_307' title='bbox 1018 3944 1154 4002; x_wconf 89' lang='lat' dir='ltr'><strong>rogamus</strong></span> <span class='ocrx_word' id='word_1_308' title='bbox 1176 3945 1228 4004; x_wconf 88' lang='lat' dir='ltr'><strong>pro</strong></span> <span class='ocrx_word' id='word_1_309' title='bbox 1249 3929 1363 3999; x_wconf 84' lang='lat' dir='ltr'><strong>anima,</strong></span> <span class='ocrx_word' id='word_1_310' title='bbox 1392 3931 1423 3988; x_wconf 89' lang='lat' dir='ltr'><strong>et</strong></span> 
     </span>
     <span class='ocr_line' id='line_1_36' title="bbox 315 4026 1423 4105; baseline -0.002 -17"><span class='ocrx_word' id='word_1_311' title='bbox 315 4043 447 4088; x_wconf 86' lang='lat' dir='ltr'><strong>seorsum</strong></span> <span class='ocrx_word' id='word_1_312' title='bbox 468 4044 521 4104; x_wconf 91' lang='lat' dir='ltr'><strong>pro</strong></span> <span class='ocrx_word' id='word_1_313' title='bbox 542 4045 677 4105; x_wconf 82' lang='lat' dir='ltr'><strong>corpore3</strong></span> <span class='ocrx_word' id='word_1_314' title='bbox 700 4027 815 4104; x_wconf 91' lang='lat' dir='ltr'><strong>quando</strong></span> <span class='ocrx_word' id='word_1_315' title='bbox 836 4044 907 4087; x_wconf 84' lang='lat' dir='ltr'><strong>vero</strong></span> <span class='ocrx_word' id='word_1_316' title='bbox 928 4026 1080 4086; x_wconf 88' lang='lat' dir='ltr'><strong>studemus</strong></span> <span class='ocrx_word' id='word_1_317' title='bbox 1102 4029 1135 4087; x_wconf 92' lang='lat' dir='ltr'><strong>ut</strong></span> <span class='ocrx_word' id='word_1_318' title='bbox 1155 4043 1242 4105; x_wconf 88' lang='lat' dir='ltr'><strong>opera</strong></span> <span class='ocrx_word' id='word_1_319' title='bbox 1258 4028 1423 4088; x_wconf 89' lang='lat' dir='ltr'><strong>amicorum</strong></span> 
     </span>
     <span class='ocr_line' id='line_1_37' title="bbox 314 4125 1423 4206; baseline 0.003 -22"><span class='ocrx_word' id='word_1_320' title='bbox 314 4127 480 4187; x_wconf 89' lang='lat' dir='ltr'><strong>nostrorum</strong></span> <span class='ocrx_word' id='word_1_321' title='bbox 507 4127 566 4186; x_wconf 91' lang='lat' dir='ltr'><strong>sint</strong></span> <span class='ocrx_word' id='word_1_322' title='bbox 596 4125 681 4205; x_wconf 88' lang='lat' dir='ltr'><strong>plena</strong></span> <span class='ocrx_word' id='word_1_323' title='bbox 703 4144 801 4188; x_wconf 90' lang='lat' dir='ltr'><strong>coram</strong></span> <span class='ocrx_word' id='word_1_324' title='bbox 823 4125 901 4199; x_wconf 89' lang='lat' dir='ltr'><strong>Deo,</strong></span> <span class='ocrx_word' id='word_1_325' title='bbox 931 4125 1079 4186; x_wconf 89' lang='lat' dir='ltr'><strong>tricesimo</strong></span> <span class='ocrx_word' id='word_1_326' title='bbox 1101 4125 1148 4184; x_wconf 93' lang='lat' dir='ltr'><strong>die</strong></span> <span class='ocrx_word' id='word_1_327' title='bbox 1170 4144 1224 4206; x_wconf 88' lang='lat' dir='ltr'><strong>pro</strong></span> <span class='ocrx_word' id='word_1_328' title='bbox 1245 4127 1288 4188; x_wconf 86' lang='lat' dir='ltr'><strong>eis</strong></span> <span class='ocrx_word' id='word_1_329' title='bbox 1310 4125 1423 4190; x_wconf 84' lang='lat' dir='ltr'><strong>sacrib-</strong></span> 
     </span>
    </p>
   </div>
   <div class='ocr_carea' id='block_1_7' title="bbox 384 4343 604 4578">
    <p class='ocr_par' dir='ltr' id='par_1_7' title="bbox 384 4343 604 4578">
     <span class='ocr_line' id='line_1_38' title="bbox 384 4343 550 4406; baseline -0.006 -12"><span class='ocrx_word' id='word_1_330' title='bbox 384 4345 456 4406; x_wconf 77' lang='lat' dir='ltr'><strong>1l1.</strong></span> <span class='ocrx_word' id='word_1_331' title='bbox 477 4343 550 4395; x_wconf 80' lang='lat' dir='ltr'><strong>xlx.</strong></span> 
     </span>
     <span class='ocr_line' id='line_1_39' title="bbox 384 4429 538 4492; baseline -0.006 -11"><span class='ocrx_word' id='word_1_332' title='bbox 384 4431 411 4492; x_wconf 74' lang='lat'><strong>2)</strong></span> <span class='ocrx_word' id='word_1_333' title='bbox 430 4432 459 4481; x_wconf 83' lang='lat'><strong>1..</strong></span> <span class='ocrx_word' id='word_1_334' title='bbox 478 4429 538 4481; x_wconf 83' lang='lat' dir='ltr'><strong>XX.</strong></span> 
     </span>
     <span class='ocr_line' id='line_1_40' title="bbox 385 4515 604 4578; baseline 0.023 -10"><span class='ocrx_word' id='word_1_335' title='bbox 385 4515 412 4578; x_wconf 75' lang='grc'><strong>8)</strong></span> <span class='ocrx_word' id='word_1_336' title='bbox 431 4517 460 4570; x_wconf 73' lang='grc' dir='ltr'><strong>Ι..</strong></span> <span class='ocrx_word' id='word_1_337' title='bbox 479 4515 604 4574; x_wconf 68' lang='lat' dir='ltr'><strong>xxxiv·</strong></span> 
     </span>
    </p>
   </div>
   <div class='ocr_carea' id='block_1_8' title="bbox 0 0 1556 5100">
    <p class='ocr_par' dir='ltr' id='par_1_8' title="bbox 0 0 1556 5100">
     <span class='ocr_line' id='line_1_41' title="bbox 0 0 1556 5100; baseline 0 0"><span class='ocrx_word' id='word_1_338' title='bbox 0 0 1556 5100; x_wconf 95' lang='lat' dir='ltr'><strong> </strong></span> 
     </span>
    </p>
   </div>
  </div>
 </body>
</html>
