3094 5100
248 533 348 594 leniter
368 531 499 592 debitum
521 521 633 610 pondus
654 530 768 592 solvere
788 530 944 604 festinent,
971 531 1039 609 quie
1058 527 1199 608 jejunium
1219 529 1352 590 debitum

248 635 310 704 est,
336 635 366 691 et
388 632 429 692 sic
451 631 519 691 dete
541 631 710 692 mandatum
732 630 795 702 his,
822 633 872 707 qui
893 630 1082 708 penitentiam
1105 634 1210 706 egunt,
1236 631 1304 706 quie
1326 631 1352 692 si

243 714 420 810 jejunaverit
440 735 471 791 et
492 731 697 809 compleverit,
726 730 803 808 quod
829 731 869 790 itii
890 731 1059 792 mundatum
1081 733 1126 789 est
1146 749 1164 791 s
1185 730 1351 801 sacerdote,

247 831 448 911 purificabitur
475 851 491 892 e
520 833 655 910 peccetis.
698 829 783 904 Quod
810 831 834 891 si
862 830 1025 890 iterumad
1052 831 1204 909 pristinem
1228 847 1353 890 consue·

247 932 378 992 tudinem
399 933 510 1010 peccati
533 949 671 994 reversus
695 931 799 1004 fuerit,
826 932 868 991 sic
890 935 935 992 est
956 933 1032 991 sicut
1053 931 1149 1001 cenis,
1176 931 1227 1008 qui
1251 946 1352 990 rerer-

246 1033 318 1093 titur
339 1033 375 1093 ed
396 1034 548 1111 proprium
569 1035 723 1093 vomitum.

309 1129 414 1192 Omnis
439 1134 537 1210 itaque
562 1133 696 1210 penitens
722 1149 782 1192 non.
800 1131 893 1192 solum
916 1129 971 1190 hoc
992 1129 1078 1189 debet
1097 1127 1245 1207 jejunent,
1274 1127 1352 1206 quod

247 1231 289 1292 iili
307 1233 473 1294 mandatum
494 1235 540 1292 est
561 1252 578 1293 o
600 1232 759 1292 secerdote.
790 1231 902 1292 Vemm
924 1232 1013 1292 etiem
1033 1240 1184 1308 postquem
1200 1226 1251 1312 ¹¹⁴)
1272 1247 1352 1289 com·

245 1331 371 1410 pleverit
392 1349 444 1401 ee,
471 1349 547 1407 quoe
568 1331 608 1391 itii
624 1337 708 1408 justo
724 1327 775 1414 ¹¹⁵)
799 1334 883 1401 sunt,
912 1329 998 1389 debet
1022 1335 1163 1408 qnantum
1190 1328 1230 1388 illi
1255 1329 1351 1390 visum

246 1429 333 1492 tuerit
350 1430 485 1508 jejunare
507 1433 569 1492 sive
590 1422 719 1493 tetradas
741 1432 803 1492 sine
824 1449 1011 1510 parasceven.

309 1530 340 1590 Si
365 1531 442 1589 enim
471 1534 562 1608 egerit
587 1548 641 1601 eo,
668 1549 745 1608 quae
774 1531 814 1589 itti
843 1530 978 1591 sacerdos
1005 1531 1201 1609 praeceperit,
1231 1533 1352 1608 peccota

247 1626 309 1705 ejus
330 1632 516 1688 remittentur
533 1627 598 1709 ¹¹⁶),
622 1631 646 1689 si
668 1646 740 1688 vero
757 1633 857 1706 posteo
876 1647 911 1688 ex
931 1647 983 1692 suo
1001 1630 1151 1690 voluntate
1166 1627 1351 1706 jejunaverit,

246 1728 413 1787 mercedem
435 1729 489 1788 sibi
511 1716 642 1807 nequiret
663 1733 693 1789 et
714 1731 804 1790 vitam
826 1733 992 1800 eeternem;
1018 1731 1068 1806 qui
1090 1747 1159 1806 ergo
1180 1733 1241 1790 tota
1262 1728 1351 1788 ebdo-

245 1827 331 1888 mede
348 1827 462 1906 jejunet
483 1848 535 1906 pro
558 1831 698 1907 peccatis,
721 1829 843 1890 sabbato
863 1833 894 1888 et
915 1830 1057 1890 dominica
1079 1829 1126 1889 die
1143 1830 1300 1890 manducet
1321 1829 1351 1887 et

245 1926 318 1987 bibit
341 1928 478 2004 quicquid
500 1930 527 1987 ei
550 1932 650 2006 aptum
673 1927 771 1988 tuerit.

309 2025 459 2086 Custodiat
480 2025 579 2087 temen
601 2045 633 2087 se
655 2046 671 2086 a
693 2027 812 2106 crapuie
835 2030 864 2087 et
884 2027 1041 2098 ebrietate,
1064 2029 1132 2105 quio
1151 2027 1245 2088 omnis
1266 2025 1351 2086 luxu-

246 2125 290 2183 ris
313 2124 349 2184 de
371 2124 512 2187 ebrietate
533 2129 671 2187 nescitur.
708 2128 777 2187 ideo
803 2126 907 2187 beatus
933 2125 1041 2188 Paulos
1062 2125 1210 2204 prohibuit
1236 2125 1350 2185 dicens:

246 2222 335 2282 notite
356 2223 492 2283 inebriari
513 2227 597 2295 vino,
626 2227 654 2285 in
676 2244 735 2303 quo
756 2228 802 2284 est
822 2225 953 2296 luxurie,
983 2241 1039 2284 non
1065 2227 1132 2302 quie
1160 2227 1188 2284 in
1212 2226 1281 2286 vino
1305 2227 1351 2283 est

245 2320 375 2392 luxurio,
397 2324 449 2383 sed
471 2326 498 2384 in
520 2325 671 2386 ebrietate.
704 2327 742 2386 Et
762 2325 817 2384 hoc
839 2328 955 2396 scitote,
978 2325 1097 2395 iratres,
1120 2330 1153 2386 ut
1172 2325 1242 2385 dum
1260 2341 1351 2385 vene—

245 2422 304 2480 rint
325 2425 402 2481 serri
424 2424 471 2484 vel
493 2425 612 2486 ancittae
635 2428 811 2502 quaerentes
833 2426 1037 2502 penitentiam,
1065 2442 1119 2484 nec
1147 2442 1197 2484 eos
1223 2424 1350 2501 movetis

245 2537 341 2599 neque
368 2527 495 2599 cogetis,
526 2528 639 2586 tantum
662 2524 811 2603 jejunare,
847 2529 988 2602 quantum
1017 2523 1139 2595 divites,
1175 2525 1243 2601 quio
1272 2523 1349 2583 servi

245 2619 293 2681 vel
318 2621 421 2680 encitie
446 2640 502 2681 non
529 2626 598 2683 sunt
622 2625 652 2683 in
676 2641 729 2686 son
750 2627 904 2701 potestate.
940 2622 1068 2700 ideoque
1089 2625 1277 2684 medietatem
1298 2639 1349 2700 pe·

246 2722 386 2780 nitentiee
407 2720 450 2780 eis
471 2723 621 2800 imponite.

754 2924 839 2993 XLI.

633 3073 670 3119 lte
689 3072 774 3132 precio
791 3072 967 3122 redemtionis.

308 3203 338 3264 st
360 3204 426 3281 quis
449 3203 522 3265 torte
543 3223 598 3264 non
621 3206 748 3283 potuerit
764 3205 912 3284 jejunare,
936 3207 1138 3280 ethabuerit,
1161 3210 1238 3270 unde
1259 3212 1349 3289 possit

246 3303 405 3374 redimere,
428 3305 454 3364 si
475 3303 556 3364 dives
578 3303 667 3364 fuerit
688 3324 740 3383 per
764 3306 817 3366 Vll
841 3307 1016 3370 ebdomadas
1039 3310 1088 3368 det
1109 3309 1213 3371 sotidos
1234 3311 1305 3372 XX.

263 3449 267 3470 ,
308 3403 339 3464 Si
361 3414 456 3462 tomen
471 3399 522 3481 ¹¹⁷)
544 3422 599 3463 non
622 3403 773 3476 hebuerit,
795 3408 871 3467 uode
891 3407 961 3467 dare
983 3410 1089 3486 possit,
1111 3409 1160 3468 det
1180 3411 1287 3472 solidos
1308 3411 1350 3486 X,

247 3504 271 3564 si
293 3508 391 3564 eutem
414 3503 539 3564 multum
561 3523 672 3581 pauper
694 3503 799 3575 fuerit,
821 3507 870 3565 det
892 3506 997 3566 solidos
1022 3509 1071 3568 ΙΙΙ.

310 3602 463 3663 Neminem
485 3623 556 3664 vero
578 3604 743 3675 conturbet,
767 3607 837 3682 quie
850 3603 990 3682 jussimus
1006 3609 1075 3667 dere
1093 3608 1198 3669 solidos
1218 3610 1280 3671 XX
1299 3614 1350 3671 eut

246 3702 360 3773 minus,
388 3704 472 3780 quie,
501 3704 525 3762 si
547 3703 629 3763 dives
652 3703 755 3776 inerit,
784 3703 895 3765 facibus
921 3711 965 3766 est
988 3706 1028 3766 itti
1053 3707 1121 3767 dere
1142 3708 1249 3769 solidos
1272 3709 1348 3783 XX,

247 3819 335 3879 quem
361 3803 481 3879 pauperi
507 3803 612 3863 solidos
639 3803 689 3864 tu.
732 3803 788 3864 Sed
815 3805 938 3865 attendit
963 3809 1180 3885 unusquisque,
1209 3811 1256 3869 cui
1280 3811 1350 3871 dore

248 3899 368 3970 debent,
397 3903 459 3960 sive
486 3920 542 3979 pm·
563 3902 762 3979 redemptione
790 3905 987 3982 captivorum,
1017 3909 1080 3965 sive
1104 3925 1192 3987 super
1216 3913 1349 3971 sanctum

248 3999 357 4072 attere,
380 4001 442 4062 site
464 4001 642 4078 pauperibus
662 4002 828 4063 christianis
848 4005 1036 4079 emgandum.

302 4249 362 4320 ist)
382 4255 444 4307 Cod.
463 4258 515 4308 too
535 4259 712 4321 „postquem”
731 4259 810 4310 deest.

302 4344 363 4404 1115)
382 4343 444 4395 Cod.
463 4345 513 4394 rot
534 4343 596 4394 viso.

303 4432 365 4492 tto)
384 4430 446 4482 cod.
466 4430 515 4481 sti
535 4430 703 4488 remittentur.

304 4516 366 4578 117)
384 4515 448 4567 eod.
466 4516 516 4567 181
535 4523 644 4571 1111111111.
