3108 5098
778 341 842 420 'bb

268 540 461 604 ebdomadam
478 537 617 616 ieiunat.
654 537 740 612 Quod
761 537 788 600 si
805 542 926 617 propin·
942 537 1287 612 ebrichtemacciderit,
1306 543 1373 602 siue

269 639 495 712 consuetudine,
516 638 582 703 IIII.
602 638 664 698 dies
685 636 896 719 menilemt²b

398 818 548 876 xum.
587 803 632 872 uu'
649 819 905 874 roanrmrroau
924 820 1146 875 cuunrconuu
1165 822 1242 874 mvn

627 983 634 1000 .
654 907 986 960 sanorrnomauuu.

332 1035 360 1102 5,
385 1029 412 1090 1.
440 1029 606 1106 AEpisoopI‚
629 1027 800 1105 presbiteri,
822 1028 954 1100 diaconi,
976 1027 1197 1092 fornicationem
1216 1029 1374 1102 facientes,

270 1135 300 1194 iu
323 1147 433 1192 canone
455 1129 647 1208 praecipitur,
677 1131 710 1188 ut
731 1129 854 1203 gradum
876 1129 1014 1206 perdant,
1043 1133 1074 1188 et
1094 1131 1276 1208 poeniteant,
1296 1128 1375 1206 judi·

269 1233 315 1292 cio
332 1229 486 1308 episcopm
508 1231 606 1288 tamen
625 1229 842 1290 communicent
854 1227 887 1307 ²).
931 1233 959 1300 ς.
976 1229 1005 1288 2.
1027 1229 1186 1308 AEpiscopi,
1206 1229 1374 1308 presbiteri,

269 1330 400 1400 diaconi,
428 1327 578 1397 monachi,
607 1327 794 1398 subdiaconi,
815 1332 845 1388 et
866 1327 1107 1403 reliquiclerici,
1129 1347 1197 1390 cum
1216 1331 1374 1390 sanctimo-

269 1427 396 1488 nialibus
416 1425 544 1487 autDeo
562 1425 665 1486 dicatis
685 1425 904 1487 fornicationem
923 1429 1087 1500 imitantem
1109 1428 1207 1488 clerici
1227 1428 1264 1488 V.
1281 1445 1374 1490 annos

269 1527 455 1606 poeniteant,
476 1524 513 1584 II.
532 1526 560 1584 io
580 1543 655 1604 pane
673 1527 704 1584 et
723 1543 815 1603 aque3
844 1526 956 1590 diaconi
974 1530 1004 1586 et
1022 1527 1158 1590 monacbi
1175 1527 1253 1589 VIII.
1271 1545 1374 1599 uanos,

269 1626 335 1690 IIII.
355 1628 383 1686 io
403 1641 476 1704 pane
495 1628 525 1686 et
544 1644 637 1703 aqua;
665 1627 818 1704 presbiteri
838 1627 879 1686 X.
899 1639 1008 1699 annos,
1031 1627 1065 1692 V.
1084 1629 1112 1686 io
1133 1646 1206 1704 pane
1226 1630 1257 1687 et
1277 1643 1374 1703 aqua3
1404 1669 1408 1674 -

269 1727 413 1806 aepiscopi
434 1724 503 1786 XII.
526 1743 633 1798 annos,
662 1725 728 1787 VII.
751 1728 779 1788 in
804 1745 879 1806 paoe
900 1731 930 1786 et
956 1745 1041 1803 aqua.
1087 1726 1229 1789 Similiter
1253 1730 1284 1786 et
1306 1726 1374 1788 illae

269 1828 454 1904 poeniteant,
476 1825 501 1884 si
521 1843 589 1886 cum
607 1825 717 1888 talibus
736 1828 868 1904 personis
888 1826 1050 1890 voluntarie
1069 1826 1289 1888 fornicationem
1307 1827 1374 1886 imi·

269 1928 378 1987 tantur.
421 1930 450 1997 ς.
469 1925 497 1986 3.
519 1924 549 1986 Si
567 1943 654 1998 voro,
676 1927 753 2002 quod
770 1925 860 1998 absit,
882 1927 1044 2006 aepiscopi,
1066 1925 1229 2005 presbiteri,
1250 1925 1374 1997 dlaconi,

269 2023 423 2096 monachi,
445 2023 632 2097 subdiaconi,
655 2030 684 2085 et
703 2026 809 2104 reliqui
828 2026 943 2098 clerici,
965 2045 1002 2086 ex
1020 2025 1127 2088 talibus
1146 2028 1278 2106 personis
1298 2024 1374 2086 filios

270 2125 434 2203 procreant,
456 2124 526 2184 tuoe
543 2125 677 2200 augenda
695 2130 741 2188 est
759 2127 952 2206 poecilentia3
976 2127 1004 2186 id
1024 2129 1078 2198 eat,
1099 2125 1199 2207 clerIci
1215 2125 1263 2187 VI.
1282 2141 1375 2185 annos

269 2224 451 2304 poeniteant,
472 2221 525 2283 III.
545 2225 573 2282 io
592 2242 666 2304 pane
684 2228 713 2285 et
734 2243 827 2302 aqum
849 2226 1018 2288 subdiaconi
1034 2226 1115 2288 VIII.
1132 2243 1240 2298 annos,
1261 2223 1326 2286 IIII.
1343 2225 1374 2284 in

269 2339 344 2402 pane
361 2327 391 2382 et
409 2341 501 2402 aqua3
524 2323 636 2384 diaconi
655 2329 685 2384 et
705 2326 841 2387 monachi
858 2325 896 2387 X.
915 2345 1015 2400 annos,
1035 2329 1069 2388 V.
1087 2346 1115 2386 1n
1136 2344 1211 2406 pane
1232 2329 1261 2385 et
1280 2341 1374 2402 aqum

269 2422 426 2502 presbiteri
449 2422 517 2484 IIII.
538 2443 646 2495 annos,
670 2425 733 2486 VII.
753 2427 781 2484 io
802 2443 877 2504 pane
898 2431 928 2486 el
948 2444 1042 2504 aquae
1070 2427 1216 2506 aepiscopi
1236 2423 1303 2486 XV.
1322 2442 1376 2484 an-

274 2541 343 2596 nos,
368 2522 444 2584 VIII.
465 2525 493 2584 io
516 2542 590 2604 pane
611 2529 641 2584 et
662 2543 748 2603 aqua.
792 2526 929 2588 SImiIiter
948 2531 979 2586 et
999 2528 1065 2589 illae
1083 2527 1267 2605 poeoiieaot,
1288 2525 1315 2584 si
1336 2541 1376 2584 ex

270 2623 378 2686 talibus
401 2626 533 2703 personis
556 2624 630 2686 filios
655 2629 805 2702 generant.
849 2625 879 2688 Si
900 2631 999 2690 autem
1022 2627 1198 2697 occiderint,
1219 2639 1314 2701 usque
1336 2623 1375 2682 ad

271 2725 381 2784 exitum
400 2726 503 2785 mortis
522 2727 697 2805 poeniteant.
742 2730 770 2797 d.
790 2727 819 2788 b.
842 2725 872 2788 Si
890 2729 941 2804 qui
957 2727 1107 2806 aepiscopi,
1129 2724 1291 2804 presbileri,
1310 2723 1374 2786 din·

270 2825 351 2896 coni,
374 2825 526 2897 monachi,
548 2826 732 2898 subdiaconi,
754 2831 784 2886 et
803 2828 909 2904 relicui
925 2827 1039 2897 clerici,
1062 2844 1129 2887 cum
1145 2844 1236 2888 uxore
1251 2823 1375 2886 alterius

270 2920 446 2984 adulterium
467 2923 608 2994 fecerima
636 2925 734 2986 clerici
753 2925 789 2986 V.
811 2943 918 2998 annos,
939 2925 976 2987 II.
997 2927 1025 2985 io
1048 2945 1122 3004 pane
1142 2929 1172 2986 et
1192 2940 1286 3002 aquea
1311 2922 1375 2986 dfe·

271 3020 335 3078 coni
353 3022 383 3078 et
401 3021 536 3080 monachi
557 3021 619 3082 VII.
638 3042 744 3094 annos,
765 3025 832 3084 IIII.
851 3027 879 3084 io
898 3044 973 3103 panc
989 3031 1022 3084 et
1038 3043 1131 3102 aqum
1159 3025 1314 3102 presbiteri
1333 3023 1374 3086 X·
1446 3019 1450 3026 ’
1552 3005 1553 3012 ¹

271 3134 381 3190 annos,
405 3117 439 3176 V.
458 3120 487 3178 in
509 3137 583 3196 pane
603 3123 633 3180 et
651 3139 735 3198 aqua·
779 3123 811 3184 Si
829 3125 928 3183 autem
948 3123 1022 3186 iiiios
1039 3127 1212 3202 procreant,
1232 3127 1303 3182 tuno
1320 3140 1376 3185 au·

271 3215 364 3291 genda
382 3220 428 3276 est
445 3219 630 3296 poecilentia,
653 3221 729 3280 sicut
749 3222 884 3299 superius
903 3223 1118 3301 scriptumest.
1163 3227 1191 3294 §-
1206 3217 1236 3280 ὅ.
1258 3221 1288 3280 Si
1306 3221 1375 3296 qius

271 3314 412 3388 clericus,
434 3316 480 3377 vel
500 3318 660 3394 superioris
677 3320 801 3395 grados,
823 3322 873 3398 qui
892 3337 1013 3382 uxorem
1037 3321 1154 3393 babuit,
1177 3323 1207 3380 et
1226 3319 1290 3398 post
1304 3336 1377 3380 coa·

272 3477 598 3492 Q

342 3567 367 3628 1)
386 3565 540 3629 Legitimum
560 3569 706 3632 conjugium
725 3582 776 3620 non
791 3571 849 3621 licet
864 3583 987 3634 separare.
1008 3571 1064 3621 stne
1079 3584 1206 3621 consensu
1222 3570 1375 3630 amborum

274 3657 359 3716 potest
382 3659 467 3704 tamen
494 3653 556 3704 aller
581 3655 650 3706 alteri
676 3655 804 3708 licentiam
830 3659 891 3708 darc
916 3660 1035 3709 accedere
1058 3660 1090 3710 ed
1109 3659 1256 3709 servitutem
1277 3657 1324 3706 bei
1348 3657 1375 3706 in

272 3741 436 3796 monasterio,
455 3747 481 3790 et
498 3741 548 3792 sibl
566 3742 670 3800 nubem,
688 3744 711 3793 sl
730 3745 756 3794 ln
776 3745 859 3807 primo
877 3745 994 3808 coniugio
1013 3753 1072 3800 arae.
1092 3745 1234 3795 secundom
1247 3743 1376 3803 Graecam

274 3830 300 3876 ct
316 3831 401 3876 tameo
419 3839 471 3877 non
491 3835 530 3878 est
547 3831 708 3881 canonicum.
745 3832 790 3882 Sin
809 3839 894 3884 tamen
913 3834 939 3884 io
959 3833 1072 3884 secundo
1091 3839 1160 3888 erat,
1179 3845 1230 3883 non
1249 3831 1307 3880 licet
1324 3837 1376 3880 fer·

275 3910 324 3970 do,
341 3912 441 3962 vivente
459 3913 512 3962 afro
531 3915 569 3964 vel
589 3929 674 3968 uxore.
694 3917 723 3968 P.
743 3918 802 3969 add.

344 3996 372 4060 2)
390 3997 418 4048 Sl
436 3999 509 4059 quis.
534 4007 670 4064 pomonam
689 4014 718 4052 se
736 4005 832 4054 voverit
850 4007 916 4060 beo.
937 4004 1093 4056 saecularem
1112 4004 1229 4056 habitum
1247 4004 1375 4068 acciperit.

276 4083 369 4133 ilerum
388 4083 420 4132 ad
440 4083 552 4144 aliquem
570 4087 678 4147 madum
697 4090 816 4140 accedero
835 4091 939 4140 omnino
957 4103 1009 4141 non
1028 4091 1119 4153 debat;
1144 4103 1191 4142 nee
1208 4089 1303 4141 mulier
1320 4081 1376 4140 me·

273 4170 325 4220 ruit
349 4169 440 4225 velari.
465 4170 546 4220 multo
572 4174 653 4234 magis
678 4181 707 4224 ut
730 4187 781 4226 non
807 4177 981 4227 dominaretur
998 4177 1024 4227 ln
1043 4178 1158 4228 ecclesia.
1194 4177 1220 4228 Si
1239 4178 1297 4240 quis
1314 4189 1376 4228 con-

274 4257 396 4308 cubinam
418 4255 507 4310 babet.
527 4270 578 4308 non
597 4259 674 4310 debet
691 4261 812 4312 ordinari.
848 4261 970 4313 Similiter
990 4263 1055 4314 boc:
1085 4264 1136 4326 Qui
1153 4263 1274 4314 occiderit
1290 4263 1377 4316 bomi-

275 4355 350 4399 ncrn.
369 4353 415 4394 sen
434 4342 627 4396 fornicationem
644 4347 745 4402 feccrit.
764 4349 914 4410 doponatur.
949 4351 1063 4400 nicrum
1079 4349 1228 4402 monasterii
1245 4361 1297 4400 non
1317 4351 1377 4400 licet

269 4429 393 4480 ,ordimrc
410 4436 470 4480 snm
486 4429 571 4482 xxv.
590 4441 680 4482 annos.
716 4433 744 4484 sl
761 4436 819 4496 ants
836 4433 941 4486 viduam
958 4436 1050 4498 accipie
1066 4442 1125 4490 aues
1142 4436 1318 4499 baptismum.
1334 4437 1374 4490 vaf

275 4521 335 4576 pose
350 4514 522 4579 capuanam,
540 4526 593 4568 non
610 4521 694 4580 potest
711 4518 835 4578 ardum,
853 4520 921 4572 siem
938 4520 1041 4584 bigami.
1065 4522 1098 4576 ll.
1114 4521 1174 4576 add.
1193 4551 1196 4560 ·
