3108 5098
802 331 851 404 dt

277 533 321 592 ac
333 527 533 604 negligentius,
554 529 633 588 tauto
653 527 747 604 magis
768 529 798 586 et
818 529 936 606 tempus
956 527 1079 588 addatur
1100 531 1130 588 et
1151 529 1255 590 modus
1265 528 1280 589 f
1301 534 1330 602 ς.
1347 525 1379 590 c.
1403 581 1410 589 .

279 626 311 688 Si
332 628 399 705 quis
420 626 510 688 faicus
531 643 599 686 oum
620 626 721 686 multis
743 626 840 693 iaicis.
863 625 891 684 id
913 629 974 697 est,
996 645 1064 687 eum
1086 628 1257 690 vacantibus
1278 623 1380 690 faemiss

115 735 117 746 ’
237 803 239 806 .
279 731 339 797 nis,
369 743 486 803 unaque
514 743 581 786 cum
607 727 776 806 propinquis
803 725 1023 787 fornicationem
1054 728 1203 800 imitatur,
1234 729 1380 806 simulque
1441 789 1445 794 .

279 828 428 890 latrocinio
450 825 597 895 serviens,
627 825 695 886 xu.
718 844 808 886 annos
831 827 989 902 poeniteat,
1018 825 1069 886 111.
1091 829 1121 886 in
1147 845 1222 907 pane
1243 831 1274 886 et
1293 845 1379 903 aqua.

280 931 309 999 ς.
324 927 353 986 ’1.
376 925 406 986 Si
428 927 494 1002 quis
515 924 606 984 laicus
629 925 845 986 fornicationem
868 926 999 986 imitatur
1021 943 1089 985 cum
1111 925 1211 987 multis
1232 925 1313 988 iaicis
1328 945 1381 987 va-

280 1025 431 1098 cantibus,
460 1023 606 1101 simufque
631 1043 698 1086 cum
719 1025 830 1105 pecude
853 1043 994 1102 peccans,
1024 1025 1091 1086 Vn.
1113 1044 1204 1086 annos
1225 1026 1379 1104 poeniteat.

279 1125 311 1190 Si
338 1143 410 1205 puer
437 1125 498 1194 est,
527 1122 562 1181 V.
587 1141 686 1185 annos.
731 1127 759 1195 s.
781 1123 811 1186 8.
841 1124 903 1184 Viri
931 1126 1005 1185 inter
1033 1123 1161 1187 faemore
1189 1125 1380 1197 fornicantes,

280 1224 304 1286 l.
326 1240 433 1286 annum
455 1224 621 1302 poeniteant
636 1219 670 1304 ¹).
714 1221 744 1283 Si
767 1223 891 1297 iterant,
912 1223 1062 1284 liannos
1084 1226 1259 1304 poeniteant,
1301 1229 1331 1296 s.
1350 1223 1379 1284 9.

282 1321 313 1386 Si
341 1339 412 1385 vero
441 1323 516 1381 inter
544 1340 630 1382 crura
658 1322 856 1397 fornicantur,
886 1325 910 1384 si
933 1325 1018 1402 pueri
1038 1327 1125 1396 sunt,
1153 1323 1174 1383 1.
1198 1341 1323 1394 annum3
1356 1323 1381 1384 si

279 1423 351 1495 viri,
373 1440 462 1482 annos
482 1421 535 1494 11.;
563 1423 587 1482 si
608 1426 708 1484 autem
730 1423 758 1483 in
781 1422 1019 1485 consuetudinem
1040 1425 1176 1494 vertunt,
1205 1422 1257 1482 ΙΙΙ.
1280 1439 1380 1483 annos.

281 1526 310 1594 9.
335 1521 384 1582 10.
413 1517 471 1594 Qui
500 1523 676 1600 concupiscit
705 1525 804 1582 mente
831 1522 981 1592 fornicari,
1011 1525 1041 1580 et
1062 1540 1117 1582 non
1146 1523 1274 1599 potuerit
1295 1521 1382 1580 forni-

281 1621 428 1683 caricum
451 1637 503 1690 ea,
534 1621 562 1679 id
585 1623 647 1690 est,
678 1623 744 1697 quia
769 1640 822 1680 non
846 1621 909 1680 vuit
931 1623 1079 1699 suscipere
1101 1639 1167 1681 eum
1191 1621 1315 1690 mutier,
1343 1619 1379 1680 if.

280 1739 370 1785 annos
399 1721 551 1800 poeniteat.
594 1725 622 1792 ς.
647 1719 696 1784 11.
727 1719 747 1781 S
787 1721 875 1782 ferrus
905 1721 1087 1782 fornicaverit
1108 1739 1174 1782 oum
1197 1721 1300 1788 vidua,
1331 1724 1381 1781 aut

281 1839 349 1883 cum
370 1820 474 1900 pueita,
499 1822 656 1882 titanum
683 1827 845 1902 poeniteat;
869 1821 967 1880 reddet
983 1826 1080 1880 tamen
1096 1821 1304 1882 humitiationis
1319 1818 1381 1896 ejus

281 1923 430 2002 praecium
458 1922 627 1998 parentibus
655 1920 726 1998 ejus.
769 1921 799 1982 Si
829 1940 950 1982 uxorem
981 1922 1165 1992 nonhabet,
1198 1925 1228 1980 et
1248 1921 1382 1984 voluntas

282 2021 397 2081 filorum
420 2023 450 2079 et
473 2025 625 2097 parentum
648 2026 709 2094 est,
737 2025 832 2099 ipsam
855 2023 978 2101 accipiat
999 2022 1027 2080 in
1049 2039 1192 2090 uxornm,
1215 2022 1254 2080 ita
1277 2023 1309 2080 ut
1331 2037 1382 2082 an·

282 2138 334 2181 nos
355 2119 391 2179 V.
418 2119 584 2198 poeniteant
604 2121 718 2183 simut..
744 2126 772 2194 s.
796 2123 844 2184 12.
876 2120 905 2181 Si
928 2123 995 2200 quis
1017 2121 1107 2182 faicus
1128 2139 1249 2182 uxorem
1272 2119 1383 2179 trahens

283 2237 351 2281 oum
370 2215 500 2296 jumento
522 2217 724 2294 fornicaverit,
748 2223 796 2283 ili.
814 2222 929 2298 [iiiii]
951 2240 1041 2283 annos
1063 2223 1217 2301 poeniteat.
1258 2218 1289 2280 Si
1310 2237 1383 2280 uxo-

283 2337 347 2378 rem
376 2337 431 2378 non
461 2317 587 2392 habens,
619 2321 669 2381 fii.
699 2339 790 2383 annos
818 2325 975 2402 poeniteat.
1019 2326 1046 2394 s.
1071 2321 1120 2384 13.
1152 2317 1184 2382 Si
1210 2321 1277 2396 quis
1301 2320 1383 2393 virgo

282 2419 388 2495 virgini
416 2417 586 2496 conjunctus
602 2419 717 2498 fuerit,
746 2424 771 2483 si
798 2423 943 2484 votuerint
969 2424 1104 2501 parentes
1133 2417 1212 2498 ejus,
1244 2421 1284 2481 sit
1310 2434 1384 2479 uxor

283 2519 379 2592 iifius3
406 2521 521 2579 tantum
544 2520 566 2580 l.
588 2539 696 2581 annum
719 2523 903 2600 poeniteant,
926 2526 955 2582 et
977 2523 1035 2582 sint
1056 2518 1237 2598 conjugalem
1267 2518 1384 2579 sivero

284 2621 446 2692 notuerint,
477 2621 514 2681 li.
536 2638 626 2682 annos
653 2624 827 2698 poeniteant.
871 2626 899 2694 s.
923 2621 972 2683 rt.
1005 2614 1036 2680 Si
1058 2621 1124 2697 quis
1148 2619 1238 2682 laicus
1259 2616 1384 2678 fornica-

283 2723 359 2785 verit
386 2739 453 2782 cum
483 2720 710 2790 sanctimoniali,
739 2720 787 2780 vei
815 2721 877 2780 Deo
904 2719 1018 2790 dicata,
1050 2718 1084 2775 V.
1109 2735 1200 2779 annos
1225 2717 1383 2797 poeniteat.

284 2828 313 2896 ς.
337 2819 386 2884 15.
408 2821 440 2883 Si
460 2823 525 2898 quis
546 2823 689 2898 virginem
710 2821 757 2882 vel
778 2820 896 2882 viduam
919 2819 1066 2898 rapuerit,
1087 2817 1153 2879 1111.
1175 2833 1265 2880 annos
1286 2815 1385 2896 poeni-

283 2927 356 2985 teat.
400 2927 429 2996 §-
451 2923 499 2984 16.
533 2921 564 2982 Si
591 2923 671 2999 quis,
703 2940 754 3000 per
784 2920 1047 2999 concupiscentiam
1069 2918 1114 2978 ret
1137 2915 1303 2988 libidinem,
1332 2933 1385 2994 per

284 3024 414 3103 seipsum
435 3022 629 3084 fornicaverit.
652 3021 674 3082 l.
697 3038 804 3082 annum
826 3021 981 3098 poeniteat.
1012 3021 1040 3089 s.
1065 3018 1113 3078 17.
1136 3017 1228 3078 Vidua
1250 3019 1385 3094 stuprum

285 3123 397 3186 faciens
427 3139 518 3182 annos
548 3120 590 3182 lll
628 3121 783 3196 poeniteat.
827 3118 858 3178 Si
886 3135 980 3194 usque
1008 3118 1044 3180 ad
1072 3117 1288 3193 generationem
1318 3113 1385 3185 titii,

285 3222 338 3288 111.
358 3239 450 3282 annos
471 3223 616 3296 integros,
642 3223 671 3279 et
691 3217 727 3279 11.
751 3236 842 3280 annos
862 3217 984 3280 laevius.
1026 3215 1058 3276 Si
1083 3215 1270 3277 cecideritin
1292 3218 1385 3286 utero,

285 3323 326 3387 X.
348 3339 454 3392 annosr
476 3323 500 3380 si
522 3325 587 3400 post
608 3321 805 3391 nativitatem,
830 3317 896 3380 XV.
918 3335 1017 3378 annos.
1062 3320 1089 3387 ς.
1115 3316 1163 3378 18.
1186 3313 1246 3388 Qui
1270 3315 1300 3374 iu
1319 3331 1387 3376 aeo-

286 3422 375 3484 clesia
397 3424 564 3483 consecrata
586 3419 709 3491 nubunt,
732 3419 793 3480 Vll.
817 3437 908 3481 annos
930 3418 1103 3496 poeniteant.
1147 3421 1174 3488 s.
1195 3413 1243 3477 19.
1267 3413 1386 3491 Siquis

286 3540 353 3586 cum
375 3541 467 3584 uxore
488 3539 541 3585 sua
562 3524 640 3582 retro
662 3521 792 3600 nupserit
808 3515 850 3599 ²),
871 3519 1017 3598 poeniteat
1037 3517 1180 3595 quomodo
1201 3516 1238 3576 dc
1258 3513 1387 3583 animali,

293 3661 580 3672 υ-ι--ιι-ι-μ-ι--ι-ι-

287 3745 363 3798 pere;
389 3731 438 3782 troc
455 3738 509 3784 est.
534 3731 557 3782 st
576 3731 613 3780 rir
632 3727 758 3779 dimiserit
781 3739 885 3776 uxorem
908 3739 982 3776 suam
1007 3735 1108 3788 propter
1132 3725 1339 3776 fornicationem.
1365 3722 1388 3772 si

287 3819 370 3884 'prima
393 3817 468 3868 fuerit
490 3830 566 3871 uror.
592 3815 689 3865 licitum
714 3820 753 3866 est
776 3821 805 3864 ut
827 3815 904 3866 attam
929 3814 1035 3876 arripiat
1058 3825 1178 3874 uxorem3
1204 3813 1248 3864 iiia
1267 3823 1341 3866 vero.
1364 3807 1388 3860 si

288 3904 396 3955 voluerit
419 3904 533 3965 penitere
559 3915 605 3953 sua
630 3907 748 3963 paccata.
776 3909 833 3964 post
858 3903 924 3952 duos
950 3912 1031 3950 annos
1058 3901 1137 3950 atium
1162 3900 1270 3962 accipiat
1295 3899 1388 3949 virum.

288 3991 391 4045 ltuiierf
409 4003 460 4040 non
479 3989 538 4040 ficet
555 3989 639 4040 virum
658 3989 800 4042 dimittere.
820 3989 878 4039 ticet
896 3991 930 4040 sit
947 3990 1088 4038 fornicator.
1125 3988 1236 4040 Basilius
1255 3987 1303 4038 coc
1318 3986 1387 4047 iudi·

289 4077 363 4130 ervic
399 4075 509 4127 Maritus
532 4075 554 4124 st
581 4077 637 4138 ipse
660 4077 774 4137 seipsum
801 4075 825 4126 in
851 4076 916 4125 furto
940 4082 985 4125 aut
1008 4073 1173 4126 fornicatione
1194 4085 1296 4124 servum
1315 4072 1387 4128 facit,

289 4165 329 4216 vet
353 4175 507 4227 quocunque
530 4169 647 4224 peccato.
674 4164 779 4218 mutter.
809 4163 831 4212 si
856 4161 927 4224 prius
945 4173 996 4212 non
1015 4160 1104 4211 hahuit
1121 4162 1285 4224 eonjugium,
1311 4161 1389 4210 habet

289 4257 457 4318 mutem,
475 4259 533 4313 poet
549 4263 660 4305 annum.
680 4251 788 4301 atterum
806 4251 922 4311 accipere
939 4249 1029 4300 virum.
1058 4249 1165 4299 ltiaconi
1183 4256 1269 4299 autem
1286 4247 1389 4298 noticiae

289 4339 428 4393 nonlicet.
464 4337 494 4388 P.
512 4338 544 4400 Q.
562 4337 620 4388 add.

361 4424 389 4491 1)
407 4426 455 4498 Yet
474 4426 523 4476 111.
542 4425 637 4478 XLW.
675 4426 702 4476 Si
720 4426 819 4488 seipsos
837 4424 1016 4488 coinquinant.
1035 4423 1089 4474 XL.
1108 4423 1171 4474 dies.
1191 4427 1224 4476 N.
1242 4421 1302 4473 add.

361 4515 388 4579 Ξ)
406 4513 461 4566 XI..
480 4512 571 4564 diebus
589 4512 700 4575 peniteat
717 4512 800 4576 primo
818 4514 850 4566 Ν.
