<?xml version="1.0" encoding="UTF-8"?>
<!DOCTYPE html PUBLIC "-//W3C//DTD XHTML 1.0 Transitional//EN"
    "http://www.w3.org/TR/xhtml1/DTD/xhtml1-transitional.dtd">
<html xmlns="http://www.w3.org/1999/xhtml" xml:lang="en" lang="en">
 <head>
  <title>
</title>
<meta http-equiv="Content-Type" content="text/html;charset=utf-8" />
  <meta name='ocr-system' content='tesseract 3.04.00' />
  <meta name='ocr-capabilities' content='ocr_page ocr_carea ocr_par ocr_line ocrx_word'/>
</head>
<body>
  <div class='ocr_page' id='page_1' title='image "./dielateinischen00kunsgoog_0078.png"; bbox 0 0 3108 5098; ppageno 0'>
   <div class='ocr_carea' id='block_1_1' title="bbox 807 298 858 377">
    <p class='ocr_par' dir='ltr' id='par_1_1' title="bbox 807 298 858 377">
     <span class='ocr_line' id='line_1_1' title="bbox 807 298 858 377; baseline -0.039 1"><span class='ocrx_word' id='word_1_1' title='bbox 807 298 858 377; x_wconf 74' lang='lat' dir='ltr'><strong>bt</strong></span> 
     </span>
    </p>
   </div>
   <div class='ocr_carea' id='block_1_2' title="bbox 154 492 1385 577">
    <p class='ocr_par' dir='ltr' id='par_1_2' title="bbox 154 492 1385 577">
     <span class='ocr_line' id='line_1_2' title="bbox 154 492 1385 577; baseline -0.004 -16"><span class='ocrx_word' id='word_1_2' title='bbox 154 513 155 516; x_wconf 73' lang='grc'>’</span> <span class='ocrx_word' id='word_1_3' title='bbox 281 495 378 577; x_wconf 84' lang='lat' dir='ltr'><strong>populi</strong></span> <span class='ocrx_word' id='word_1_4' title='bbox 398 496 481 558; x_wconf 80' lang='lat' dir='ltr'><strong>suia.</strong></span> <span class='ocrx_word' id='word_1_5' title='bbox 524 495 601 560; x_wconf 86' lang='lat' dir='ltr'><strong>Item</strong></span> <span class='ocrx_word' id='word_1_6' title='bbox 619 499 652 558; x_wconf 88' lang='lat' dir='ltr'><strong>in</strong></span> <span class='ocrx_word' id='word_1_7' title='bbox 673 496 754 574; x_wconf 69' lang='lat' dir='ltr'><strong>leges</strong></span> <span class='ocrx_word' id='word_1_8' title='bbox 784 495 875 558; x_wconf 80' lang='lat' dir='ltr'><strong>«Non</strong></span> <span class='ocrx_word' id='word_1_9' title='bbox 896 497 1020 576; x_wconf 82' lang='lat' dir='ltr'><strong>accipiet</strong></span> <span class='ocrx_word' id='word_1_10' title='bbox 1038 494 1128 556; x_wconf 88' lang='lat' dir='ltr'><strong>homo</strong></span> <span class='ocrx_word' id='word_1_11' title='bbox 1148 511 1271 574; x_wconf 84' lang='lat' dir='ltr'><strong>uxorem</strong></span> <span class='ocrx_word' id='word_1_12' title='bbox 1292 492 1385 572; x_wconf 80' lang='lat' dir='ltr'><strong>patria</strong></span> 
     </span>
    </p>
   </div>
   <div class='ocr_carea' id='block_1_3' title="bbox 196 593 1387 4555">
    <p class='ocr_par' dir='ltr' id='par_1_3' title="bbox 196 593 1387 4555">
     <span class='ocr_line' id='line_1_3' title="bbox 281 593 1386 675; baseline -0.004 -15"><span class='ocrx_word' id='word_1_13' title='bbox 281 598 346 667; x_wconf 86' lang='lat' dir='ltr'><strong>aui,</strong></span> <span class='ocrx_word' id='word_1_14' title='bbox 377 613 432 656; x_wconf 88' lang='lat' dir='ltr'><strong>nec</strong></span> <span class='ocrx_word' id='word_1_15' title='bbox 460 595 599 660; x_wconf 85' lang='lat' dir='ltr'><strong>revelabit</strong></span> <span class='ocrx_word' id='word_1_16' title='bbox 626 597 841 675; x_wconf 70' lang='lat' dir='ltr'><strong>operimentum</strong></span> <span class='ocrx_word' id='word_1_17' title='bbox 869 597 967 674; x_wconf 70' lang='lat' dir='ltr'><strong>eius».</strong></span> <span class='ocrx_word' id='word_1_18' title='bbox 1009 595 1104 658; x_wconf 81' lang='lat' dir='ltr'><strong>item:</strong></span> <span class='ocrx_word' id='word_1_19' title='bbox 1136 593 1386 673; x_wconf 74' lang='lat' dir='ltr'><strong>«Turpituibaem</strong></span> 
     </span>
     <span class='ocr_line' id='line_1_4' title="bbox 280 693 1387 776; baseline -0.004 -18"><span class='ocrx_word' id='word_1_20' title='bbox 280 696 380 758; x_wconf 80' lang='lat' dir='ltr'><strong>uxoris</strong></span> <span class='ocrx_word' id='word_1_21' title='bbox 400 695 500 776; x_wconf 66' lang='lat' dir='ltr'><strong>irctris</strong></span> <span class='ocrx_word' id='word_1_22' title='bbox 520 697 564 757; x_wconf 93' lang='lat' dir='ltr'><strong>tui</strong></span> <span class='ocrx_word' id='word_1_23' title='bbox 584 715 642 756; x_wconf 90' lang='lat' dir='ltr'><strong>non</strong></span> <span class='ocrx_word' id='word_1_24' title='bbox 664 695 839 758; x_wconf 72' lang='lat' dir='ltr'><strong>revelabis».</strong></span> <span class='ocrx_word' id='word_1_25' title='bbox 863 695 955 763; x_wconf 60' lang='lat' dir='ltr'><strong>llam,</strong></span> <span class='ocrx_word' id='word_1_26' title='bbox 979 693 1059 768; x_wconf 82' lang='lat' dir='ltr'><strong>«Qui</strong></span> <span class='ocrx_word' id='word_1_27' title='bbox 1080 695 1158 756; x_wconf 88' lang='lat' dir='ltr'><strong>enim</strong></span> <span class='ocrx_word' id='word_1_28' title='bbox 1180 694 1296 758; x_wconf 69' lang='lat' dir='ltr'><strong>duxerit</strong></span> <span class='ocrx_word' id='word_1_29' title='bbox 1312 711 1387 756; x_wconf 64' lang='lat' dir='ltr'><strong>nac</strong></span> 
     </span>
     <span class='ocr_line' id='line_1_5' title="bbox 279 793 1387 873; baseline -0.004 -15"><span class='ocrx_word' id='word_1_30' title='bbox 279 813 344 858; x_wconf 89' lang='lat' dir='ltr'><strong>rem</strong></span> <span class='ocrx_word' id='word_1_31' title='bbox 371 794 469 858; x_wconf 85' lang='lat' dir='ltr'><strong>fratris</strong></span> <span class='ocrx_word' id='word_1_32' title='bbox 498 796 563 867; x_wconf 90' lang='lat' dir='ltr'><strong>sui,</strong></span> <span class='ocrx_word' id='word_1_33' title='bbox 592 813 655 856; x_wconf 89' lang='lat' dir='ltr'><strong>rem</strong></span> <span class='ocrx_word' id='word_1_34' title='bbox 684 795 753 856; x_wconf 87' lang='lat' dir='ltr'><strong>iacit</strong></span> <span class='ocrx_word' id='word_1_35' title='bbox 777 795 933 868; x_wconf 74' lang='lat' dir='ltr'><strong>inlicitama</strong></span> <span class='ocrx_word' id='word_1_36' title='bbox 964 797 1032 872; x_wconf 86' lang='lat' dir='ltr'><strong>quia</strong></span> <span class='ocrx_word' id='word_1_37' title='bbox 1055 794 1265 873; x_wconf 63' lang='lat' dir='ltr'><strong>turpitudinem</strong></span> <span class='ocrx_word' id='word_1_38' title='bbox 1286 793 1387 856; x_wconf 77' lang='lat' dir='ltr'><strong>horis</strong></span> 
     </span>
     <span class='ocr_line' id='line_1_6' title="bbox 280 892 1387 973; baseline -0.002 -17"><span class='ocrx_word' id='word_1_39' title='bbox 280 896 327 958; x_wconf 88' lang='lat' dir='ltr'><strong>sui</strong></span> <span class='ocrx_word' id='word_1_40' title='bbox 348 894 521 956; x_wconf 80' lang='lat' dir='ltr'><strong>revelavit».</strong></span> <span class='ocrx_word' id='word_1_41' title='bbox 565 897 656 956; x_wconf 86' lang='lat' dir='ltr'><strong>ltem:</strong></span> <span class='ocrx_word' id='word_1_42' title='bbox 680 894 774 956; x_wconf 74' lang='lat' dir='ltr'><strong>«Cum</strong></span> <span class='ocrx_word' id='word_1_43' title='bbox 796 913 887 956; x_wconf 87' lang='lat' dir='ltr'><strong>uxore</strong></span> <span class='ocrx_word' id='word_1_44' title='bbox 909 895 1035 973; x_wconf 81' lang='lat' dir='ltr'>proximi</span> <span class='ocrx_word' id='word_1_45' title='bbox 1055 895 1101 956; x_wconf 91' lang='lat' dir='ltr'><strong>tui</strong></span> <span class='ocrx_word' id='word_1_46' title='bbox 1121 910 1177 954; x_wconf 89' lang='lat' dir='ltr'><strong>non</strong></span> <span class='ocrx_word' id='word_1_47' title='bbox 1199 892 1309 964; x_wconf 79' lang='lat' dir='ltr'><strong>coibis,</strong></span> <span class='ocrx_word' id='word_1_48' title='bbox 1329 909 1387 954; x_wconf 77' lang='lat' dir='ltr'><strong>aec</strong></span> 
     </span>
     <span class='ocr_line' id='line_1_7' title="bbox 280 992 1386 1071; baseline -0.001 -17"><span class='ocrx_word' id='word_1_49' title='bbox 280 995 401 1056; x_wconf 89' lang='lat' dir='ltr'><strong>seminis</strong></span> <span class='ocrx_word' id='word_1_50' title='bbox 421 994 625 1056; x_wconf 81' lang='lat' dir='ltr'><strong>commixtione</strong></span> <span class='ocrx_word' id='word_1_51' title='bbox 646 993 877 1058; x_wconf 85' lang='lat' dir='ltr'><strong>maculaberis».</strong></span> <span class='ocrx_word' id='word_1_52' title='bbox 921 993 996 1054; x_wconf 81' lang='lat' dir='ltr'><strong>Alibi</strong></span> <span class='ocrx_word' id='word_1_53' title='bbox 1018 1011 1136 1071; x_wconf 87' lang='lat' dir='ltr'><strong>quoque</strong></span> <span class='ocrx_word' id='word_1_54' title='bbox 1158 992 1299 1069; x_wconf 85' lang='lat' dir='ltr'><strong>seriptum</strong></span> <span class='ocrx_word' id='word_1_55' title='bbox 1321 995 1386 1054; x_wconf 79' lang='lat' dir='ltr'><strong>est:</strong></span> 
     </span>
     <span class='ocr_line' id='line_1_8' title="bbox 196 1081 1387 1173; baseline 0.003 -23"><span class='ocrx_word' id='word_1_56' title='bbox 196 1081 198 1086; x_wconf 74' lang='grc'><strong>’</strong></span> <span class='ocrx_word' id='word_1_57' title='bbox 283 1094 389 1154; x_wconf 77' lang='lat' dir='ltr'><strong>«inter</strong></span> <span class='ocrx_word' id='word_1_58' title='bbox 410 1111 461 1154; x_wconf 85' lang='lat' dir='ltr'><strong>sex</strong></span> <span class='ocrx_word' id='word_1_59' title='bbox 483 1094 570 1170; x_wconf 83' lang='lat' dir='ltr'><strong>igitur</strong></span> <span class='ocrx_word' id='word_1_60' title='bbox 594 1094 817 1173; x_wconf 80' lang='lat' dir='ltr'><strong>propinquitatis</strong></span> <span class='ocrx_word' id='word_1_61' title='bbox 836 1092 959 1168; x_wconf 25' lang='lat' dir='ltr'><strong>,gradum</strong></span> <span class='ocrx_word' id='word_1_62' title='bbox 988 1091 1026 1152; x_wconf 87' lang='lat' dir='ltr'><strong>ad</strong></span> <span class='ocrx_word' id='word_1_63' title='bbox 1046 1089 1229 1168; x_wconf 76' lang='lat' dir='ltr'><strong>cmjtrgalem</strong></span> <span class='ocrx_word' id='word_1_64' title='bbox 1250 1090 1387 1170; x_wconf 72' lang='lat' dir='ltr'><strong>copinam</strong></span> 
     </span>
     <span class='ocr_line' id='line_1_9' title="bbox 280 1191 1387 1268; baseline -0.004 -12"><span class='ocrx_word' id='word_1_65' title='bbox 280 1193 388 1256; x_wconf 89' lang='lat' dir='ltr'><strong>nemini</strong></span> <span class='ocrx_word' id='word_1_66' title='bbox 409 1192 548 1254; x_wconf 89' lang='lat' dir='ltr'><strong>accedere</strong></span> <span class='ocrx_word' id='word_1_67' title='bbox 569 1194 715 1266; x_wconf 88' lang='lat' dir='ltr'><strong>convenit,</strong></span> <span class='ocrx_word' id='word_1_68' title='bbox 736 1210 792 1252; x_wconf 87' lang='lat' dir='ltr'><strong>neo</strong></span> <span class='ocrx_word' id='word_1_69' title='bbox 812 1210 877 1256; x_wconf 89' lang='lat' dir='ltr'><strong>eam</strong></span> <span class='ocrx_word' id='word_1_70' title='bbox 900 1209 988 1268; x_wconf 87' lang='lat' dir='ltr'><strong>quam</strong></span> <span class='ocrx_word' id='word_1_71' title='bbox 1005 1191 1112 1266; x_wconf 87' lang='lat' dir='ltr'><strong>aliquia</strong></span> <span class='ocrx_word' id='word_1_72' title='bbox 1128 1209 1165 1250; x_wconf 87' lang='lat' dir='ltr'><strong>ex</strong></span> <span class='ocrx_word' id='word_1_73' title='bbox 1182 1191 1297 1268; x_wconf 90' lang='lat' dir='ltr'><strong>pmpria</strong></span> <span class='ocrx_word' id='word_1_74' title='bbox 1315 1207 1387 1252; x_wconf 89' lang='lat' dir='ltr'><strong>con·-</strong></span> 
     </span>
     <span class='ocr_line' id='line_1_10' title="bbox 280 1286 1386 1370; baseline -0.001 -20"><span class='ocrx_word' id='word_1_75' title='bbox 280 1291 473 1366; x_wconf 78' lang='lat' dir='ltr'><strong>sanguinitate</strong></span> <span class='ocrx_word' id='word_1_76' title='bbox 494 1290 646 1370; x_wconf 82' lang='lat' dir='ltr'><strong>conjugem</strong></span> <span class='ocrx_word' id='word_1_77' title='bbox 667 1291 778 1362; x_wconf 87' lang='lat' dir='ltr'><strong>habuit,</strong></span> <span class='ocrx_word' id='word_1_78' title='bbox 800 1294 829 1351; x_wconf 94' lang='lat' dir='ltr'><strong>in</strong></span> <span class='ocrx_word' id='word_1_79' title='bbox 851 1288 1016 1367; x_wconf 82' lang='lat' dir='ltr'><strong>conjugium</strong></span> <span class='ocrx_word' id='word_1_80' title='bbox 1034 1290 1141 1352; x_wconf 88' lang='lat' dir='ltr'><strong>ducere</strong></span> <span class='ocrx_word' id='word_1_81' title='bbox 1163 1289 1234 1350; x_wconf 77' lang='lat' dir='ltr'><strong>ntuli</strong></span> <span class='ocrx_word' id='word_1_82' title='bbox 1254 1286 1386 1366; x_wconf 83' lang='lat' dir='ltr'><strong>prolecto</strong></span> 
     </span>
     <span class='ocr_line' id='line_1_11' title="bbox 281 1387 1385 1466; baseline -0.006 -12"><span class='ocrx_word' id='word_1_83' title='bbox 281 1390 512 1454; x_wconf 85' lang='lat' dir='ltr'><strong>Christianorum</strong></span> <span class='ocrx_word' id='word_1_84' title='bbox 541 1391 626 1464; x_wconf 86' lang='lat' dir='ltr'><strong>lieet,</strong></span> <span class='ocrx_word' id='word_1_85' title='bbox 657 1391 704 1454; x_wconf 84' lang='lat' dir='ltr'><strong>vel</strong></span> <span class='ocrx_word' id='word_1_86' title='bbox 733 1390 849 1460; x_wconf 88' lang='lat' dir='ltr'><strong>licebit;</strong></span> <span class='ocrx_word' id='word_1_87' title='bbox 882 1392 950 1466; x_wconf 85' lang='lat' dir='ltr'><strong>quia</strong></span> <span class='ocrx_word' id='word_1_88' title='bbox 979 1390 1162 1452; x_wconf 86' lang='lat' dir='ltr'><strong>incestuosus</strong></span> <span class='ocrx_word' id='word_1_89' title='bbox 1191 1387 1258 1448; x_wconf 88' lang='lat' dir='ltr'><strong>talis</strong></span> <span class='ocrx_word' id='word_1_90' title='bbox 1288 1389 1385 1448; x_wconf 86' lang='lat' dir='ltr'><strong>coitus</strong></span> 
     </span>
     <span class='ocr_line' id='line_1_12' title="bbox 281 1486 1386 1566; baseline -0.004 -14"><span class='ocrx_word' id='word_1_91' title='bbox 281 1488 503 1552; x_wconf 74' lang='lat' dir='ltr'><strong>abhominabilis</strong></span> <span class='ocrx_word' id='word_1_92' title='bbox 525 1493 571 1549; x_wconf 91' lang='lat' dir='ltr'><strong>est</strong></span> <span class='ocrx_word' id='word_1_93' title='bbox 592 1490 686 1550; x_wconf 88' lang='lat' dir='ltr'><strong>Deo».</strong></span> <span class='ocrx_word' id='word_1_94' title='bbox 725 1489 812 1551; x_wconf 84' lang='lat' dir='ltr'><strong>item:</strong></span> <span class='ocrx_word' id='word_1_95' title='bbox 835 1487 887 1548; x_wconf 87' lang='lat' dir='ltr'><strong>«Si</strong></span> <span class='ocrx_word' id='word_1_96' title='bbox 909 1489 976 1566; x_wconf 85' lang='lat' dir='ltr'><strong>quis</strong></span> <span class='ocrx_word' id='word_1_97' title='bbox 997 1491 1098 1558; x_wconf 82' lang='lat' dir='ltr'><strong>autem</strong></span> <span class='ocrx_word' id='word_1_98' title='bbox 1120 1487 1156 1548; x_wconf 91' lang='lat' dir='ltr'><strong>de</strong></span> <span class='ocrx_word' id='word_1_99' title='bbox 1178 1486 1293 1566; x_wconf 87' lang='lat' dir='ltr'><strong>propria</strong></span> <span class='ocrx_word' id='word_1_100' title='bbox 1315 1503 1386 1562; x_wconf 68' lang='grc' dir='ltr'><strong>αοε-</strong></span> 
     </span>
     <span class='ocr_line' id='line_1_13' title="bbox 280 1569 1386 1666; baseline -0.005 -14"><span class='ocrx_word' id='word_1_101' title='bbox 280 1591 412 1658; x_wconf 87' lang='lat' dir='ltr'><strong>natione,</strong></span> <span class='ocrx_word' id='word_1_102' title='bbox 442 1589 489 1650; x_wconf 90' lang='lat' dir='ltr'><strong>vel</strong></span> <span class='ocrx_word' id='word_1_103' title='bbox 512 1607 599 1666; x_wconf 86' lang='lat' dir='ltr'><strong>quam</strong></span> <span class='ocrx_word' id='word_1_104' title='bbox 622 1591 764 1664; x_wconf 83' lang='lat' dir='ltr'><strong>cognatus</strong></span> <span class='ocrx_word' id='word_1_105' title='bbox 786 1588 908 1656; x_wconf 86' lang='lat' dir='ltr'><strong>hahuit..</strong></span> <span class='ocrx_word' id='word_1_106' title='bbox 925 1587 1041 1648; x_wconf 83' lang='lat' dir='ltr'><strong>duxerit</strong></span> <span class='ocrx_word' id='word_1_107' title='bbox 1061 1587 1090 1646; x_wconf 88' lang='lat' dir='ltr'><strong>in</strong></span> <span class='ocrx_word' id='word_1_108' title='bbox 1113 1569 1261 1662; x_wconf 65' lang='lat' dir='ltr'><strong>oomirgio,</strong></span> <span class='ocrx_word' id='word_1_109' title='bbox 1283 1585 1386 1664; x_wconf 89' lang='lat' dir='ltr'><strong>primi-</strong></span> 
     </span>
     <span class='ocr_line' id='line_1_14' title="bbox 279 1683 1385 1763; baseline -0.005 -14"><span class='ocrx_word' id='word_1_110' title='bbox 279 1693 328 1750; x_wconf 87' lang='lat' dir='ltr'><strong>tus</strong></span> <span class='ocrx_word' id='word_1_111' title='bbox 350 1688 629 1761; x_wconf 76' lang='lat' dir='ltr'><strong>anathematizetur,</strong></span> <span class='ocrx_word' id='word_1_112' title='bbox 652 1687 755 1748; x_wconf 88' lang='lat' dir='ltr'><strong>deinde</strong></span> <span class='ocrx_word' id='word_1_113' title='bbox 778 1687 840 1748; x_wconf 91' lang='lat' dir='ltr'><strong>Vll.</strong></span> <span class='ocrx_word' id='word_1_114' title='bbox 863 1687 910 1749; x_wconf 82' lang='lat' dir='ltr'><strong>vel</strong></span> <span class='ocrx_word' id='word_1_115' title='bbox 933 1687 973 1748; x_wconf 87' lang='lat' dir='ltr'><strong>X.</strong></span> <span class='ocrx_word' id='word_1_116' title='bbox 995 1704 1085 1746; x_wconf 75' lang='lat' dir='ltr'><strong>annos</strong></span> <span class='ocrx_word' id='word_1_117' title='bbox 1107 1687 1261 1763; x_wconf 90' lang='lat' dir='ltr'><strong>poeniteat.</strong></span> <span class='ocrx_word' id='word_1_118' title='bbox 1294 1683 1385 1746; x_wconf 88' lang='lat' dir='ltr'><strong>Simi-</strong></span> 
     </span>
     <span class='ocr_line' id='line_1_15' title="bbox 280 1784 1385 1864; baseline -0.006 -12"><span class='ocrx_word' id='word_1_119' title='bbox 280 1789 346 1852; x_wconf 84' lang='lat' dir='ltr'><strong>liter</strong></span> <span class='ocrx_word' id='word_1_120' title='bbox 367 1794 397 1849; x_wconf 90' lang='lat' dir='ltr'><strong>et</strong></span> <span class='ocrx_word' id='word_1_121' title='bbox 418 1790 483 1858; x_wconf 86' lang='lat' dir='ltr'><strong>illa,</strong></span> <span class='ocrx_word' id='word_1_122' title='bbox 512 1791 538 1850; x_wconf 87' lang='lat' dir='ltr'><strong>si</strong></span> <span class='ocrx_word' id='word_1_123' title='bbox 560 1790 734 1850; x_wconf 86' lang='lat' dir='ltr'><strong>consensit».</strong></span> <span class='ocrx_word' id='word_1_124' title='bbox 778 1787 809 1847; x_wconf 90' lang='lat' dir='ltr'><strong>Si</strong></span> <span class='ocrx_word' id='word_1_125' title='bbox 831 1788 898 1864; x_wconf 83' lang='lat' dir='ltr'><strong>quis</strong></span> <span class='ocrx_word' id='word_1_126' title='bbox 919 1805 990 1849; x_wconf 86' lang='lat' dir='ltr'><strong>vero</strong></span> <span class='ocrx_word' id='word_1_127' title='bbox 1011 1787 1176 1860; x_wconf 70' lang='lat' dir='ltr'><strong>ignoranter</strong></span> <span class='ocrx_word' id='word_1_128' title='bbox 1196 1784 1294 1844; x_wconf 86' lang='lat' dir='ltr'><strong>taliter</strong></span> <span class='ocrx_word' id='word_1_129' title='bbox 1315 1802 1385 1862; x_wconf 85' lang='lat' dir='ltr'><strong>pec·</strong></span> 
     </span>
     <span class='ocr_line' id='line_1_16' title="bbox 280 1881 1383 1967; baseline -0.007 -15"><span class='ocrx_word' id='word_1_130' title='bbox 280 1894 343 1960; x_wconf 86' lang='lat' dir='ltr'><strong>cat,</strong></span> <span class='ocrx_word' id='word_1_131' title='bbox 371 1889 420 1950; x_wconf 87' lang='lat' dir='ltr'><strong>lll.</strong></span> <span class='ocrx_word' id='word_1_132' title='bbox 443 1889 490 1950; x_wconf 89' lang='lat' dir='ltr'><strong>vel</strong></span> <span class='ocrx_word' id='word_1_133' title='bbox 515 1891 548 1950; x_wconf 89' lang='lat' dir='ltr'><strong>V.</strong></span> <span class='ocrx_word' id='word_1_134' title='bbox 569 1907 661 1951; x_wconf 85' lang='lat' dir='ltr'><strong>annos</strong></span> <span class='ocrx_word' id='word_1_135' title='bbox 688 1891 843 1967; x_wconf 89' lang='lat' dir='ltr'><strong>poeniteat.</strong></span> <span class='ocrx_word' id='word_1_136' title='bbox 887 1892 916 1959; x_wconf 65' lang='grc' dir='ltr'><strong>ς.</strong></span> <span class='ocrx_word' id='word_1_137' title='bbox 938 1888 988 1948; x_wconf 68' lang='lat'><strong>20.</strong></span> <span class='ocrx_word' id='word_1_138' title='bbox 1020 1885 1178 1964; x_wconf 82' lang='lat' dir='ltr'><strong>Gregorius</strong></span> <span class='ocrx_word' id='word_1_139' title='bbox 1204 1885 1288 1944; x_wconf 88' lang='lat' dir='ltr'><strong>dicit:</strong></span> <span class='ocrx_word' id='word_1_140' title='bbox 1322 1881 1383 1947; x_wconf 78' lang='lat' dir='ltr'><strong>«si</strong></span> 
     </span>
     <span class='ocr_line' id='line_1_17' title="bbox 280 1985 1384 2066; baseline -0.005 -20"><span class='ocrx_word' id='word_1_141' title='bbox 280 1989 347 2066; x_wconf 83' lang='lat' dir='ltr'><strong>quis</strong></span> <span class='ocrx_word' id='word_1_142' title='bbox 368 1988 559 2060; x_wconf 84' lang='lat' dir='ltr'><strong>monacham,</strong></span> <span class='ocrx_word' id='word_1_143' title='bbox 581 1988 628 2050; x_wconf 84' lang='lat' dir='ltr'><strong>vel</strong></span> <span class='ocrx_word' id='word_1_144' title='bbox 651 1993 841 2050; x_wconf 85' lang='lat' dir='ltr'><strong>commatrem</strong></span> <span class='ocrx_word' id='word_1_145' title='bbox 864 1987 1034 2066; x_wconf 85' lang='lat' dir='ltr'><strong>spiritalem,</strong></span> <span class='ocrx_word' id='word_1_146' title='bbox 1056 1985 1104 2048; x_wconf 89' lang='lat' dir='ltr'><strong>vel</strong></span> <span class='ocrx_word' id='word_1_147' title='bbox 1126 1985 1223 2046; x_wconf 81' lang='lat' dir='ltr'><strong>fratris</strong></span> <span class='ocrx_word' id='word_1_148' title='bbox 1248 1999 1384 2056; x_wconf 83' lang='lat' dir='ltr'><strong>uxorem,</strong></span> 
     </span>
     <span class='ocr_line' id='line_1_18' title="bbox 279 2083 1385 2164; baseline -0.005 -14"><span class='ocrx_word' id='word_1_149' title='bbox 279 2087 327 2150; x_wconf 84' lang='lat' dir='ltr'><strong>vel</strong></span> <span class='ocrx_word' id='word_1_150' title='bbox 349 2091 475 2164; x_wconf 90' lang='lat' dir='ltr'><strong>neptam,</strong></span> <span class='ocrx_word' id='word_1_151' title='bbox 500 2087 547 2148; x_wconf 88' lang='lat' dir='ltr'><strong>vel</strong></span> <span class='ocrx_word' id='word_1_152' title='bbox 568 2105 731 2154; x_wconf 85' lang='lat' dir='ltr'><strong>novercam,</strong></span> <span class='ocrx_word' id='word_1_153' title='bbox 754 2088 801 2148; x_wconf 85' lang='lat' dir='ltr'><strong>vel</strong></span> <span class='ocrx_word' id='word_1_154' title='bbox 823 2087 1034 2156; x_wconf 88' lang='lat' dir='ltr'><strong>consobrinam,</strong></span> <span class='ocrx_word' id='word_1_155' title='bbox 1056 2086 1103 2148; x_wconf 89' lang='lat' dir='ltr'><strong>vel</strong></span> <span class='ocrx_word' id='word_1_156' title='bbox 1126 2084 1161 2144; x_wconf 92' lang='lat' dir='ltr'><strong>de</strong></span> <span class='ocrx_word' id='word_1_157' title='bbox 1183 2083 1300 2162; x_wconf 90' lang='lat' dir='ltr'><strong>propria</strong></span> <span class='ocrx_word' id='word_1_158' title='bbox 1315 2100 1385 2158; x_wconf 79' lang='lat' dir='ltr'><strong>cog-</strong></span> 
     </span>
     <span class='ocr_line' id='line_1_19' title="bbox 281 2182 1383 2264; baseline -0.004 -16"><span class='ocrx_word' id='word_1_159' title='bbox 281 2187 412 2257; x_wconf 88' lang='lat' dir='ltr'><strong>natione,</strong></span> <span class='ocrx_word' id='word_1_160' title='bbox 439 2186 487 2247; x_wconf 89' lang='lat' dir='ltr'><strong>vel</strong></span> <span class='ocrx_word' id='word_1_161' title='bbox 508 2203 597 2264; x_wconf 81' lang='lat' dir='ltr'><strong>quam</strong></span> <span class='ocrx_word' id='word_1_162' title='bbox 620 2191 759 2263; x_wconf 80' lang='lat' dir='ltr'><strong>cognatus</strong></span> <span class='ocrx_word' id='word_1_163' title='bbox 780 2187 898 2258; x_wconf 87' lang='lat' dir='ltr'><strong>habuit,</strong></span> <span class='ocrx_word' id='word_1_164' title='bbox 927 2187 1041 2248; x_wconf 84' lang='lat' dir='ltr'><strong>duxerit</strong></span> <span class='ocrx_word' id='word_1_165' title='bbox 1062 2202 1203 2251; x_wconf 84' lang='lat' dir='ltr'><strong>uxorem,</strong></span> <span class='ocrx_word' id='word_1_166' title='bbox 1225 2182 1383 2244; x_wconf 89' lang='lat' dir='ltr'><strong>anathema</strong></span> 
     </span>
     <span class='ocr_line' id='line_1_20' title="bbox 276 2280 1385 2362; baseline -0.005 -14"><span class='ocrx_word' id='word_1_167' title='bbox 276 2287 349 2348; x_wconf 83' lang='lat' dir='ltr'><strong>¹ait».</strong></span> <span class='ocrx_word' id='word_1_168' title='bbox 381 2286 470 2346; x_wconf 87' lang='lat' dir='ltr'><strong>item:</strong></span> <span class='ocrx_word' id='word_1_169' title='bbox 494 2283 545 2344; x_wconf 84' lang='lat' dir='ltr'><strong>«Si</strong></span> <span class='ocrx_word' id='word_1_170' title='bbox 567 2286 633 2362; x_wconf 85' lang='lat' dir='ltr'><strong>quis</strong></span> <span class='ocrx_word' id='word_1_171' title='bbox 655 2303 724 2346; x_wconf 91' lang='lat' dir='ltr'><strong>cum</strong></span> <span class='ocrx_word' id='word_1_172' title='bbox 745 2285 859 2346; x_wconf 84' lang='lat' dir='ltr'><strong>duabus</strong></span> <span class='ocrx_word' id='word_1_173' title='bbox 880 2287 1010 2362; x_wconf 84' lang='lat' dir='ltr'><strong>cognatis</strong></span> <span class='ocrx_word' id='word_1_174' title='bbox 1032 2285 1249 2346; x_wconf 77' lang='lat' dir='ltr'><strong>fornicationem</strong></span> <span class='ocrx_word' id='word_1_175' title='bbox 1270 2280 1385 2356; x_wconf 85' lang='lat' dir='ltr'><strong>lecerit,</strong></span> 
     </span>
     <span class='ocr_line' id='line_1_21' title="bbox 280 2384 1385 2465; baseline 0.002 -21"><span class='ocrx_word' id='word_1_176' title='bbox 280 2386 415 2465; x_wconf 85' lang='lat' dir='ltr'><strong>primitus</strong></span> <span class='ocrx_word' id='word_1_177' title='bbox 441 2385 719 2458; x_wconf 85' lang='lat' dir='ltr'><strong>anathematizetur,</strong></span> <span class='ocrx_word' id='word_1_178' title='bbox 751 2385 854 2446; x_wconf 87' lang='lat' dir='ltr'><strong>deinde</strong></span> <span class='ocrx_word' id='word_1_179' title='bbox 884 2384 946 2448; x_wconf 88' lang='lat' dir='ltr'><strong>Vll.</strong></span> <span class='ocrx_word' id='word_1_180' title='bbox 975 2385 1022 2447; x_wconf 87' lang='lat' dir='ltr'><strong>vel</strong></span> <span class='ocrx_word' id='word_1_181' title='bbox 1045 2385 1085 2446; x_wconf 89' lang='lat' dir='ltr'><strong>X.</strong></span> <span class='ocrx_word' id='word_1_182' title='bbox 1106 2401 1197 2446; x_wconf 86' lang='lat' dir='ltr'><strong>annos</strong></span> <span class='ocrx_word' id='word_1_183' title='bbox 1225 2384 1385 2462; x_wconf 82' lang='lat' dir='ltr'><strong>poeniteat.</strong></span> 
     </span>
     <span class='ocr_line' id='line_1_22' title="bbox 279 2481 1383 2563; baseline -0.004 -15"><span class='ocrx_word' id='word_1_184' title='bbox 279 2485 356 2548; x_wconf 89' lang='lat' dir='ltr'><strong>Sane</strong></span> <span class='ocrx_word' id='word_1_185' title='bbox 385 2484 493 2561; x_wconf 87' lang='lat' dir='ltr'><strong>quibus</strong></span> <span class='ocrx_word' id='word_1_186' title='bbox 522 2484 685 2563; x_wconf 88' lang='lat' dir='ltr'><strong>conjunctio</strong></span> <span class='ocrx_word' id='word_1_187' title='bbox 716 2485 824 2549; x_wconf 86' lang='lat' dir='ltr'><strong>inlicita</strong></span> <span class='ocrx_word' id='word_1_188' title='bbox 854 2485 1048 2558; x_wconf 88' lang='lat' dir='ltr'><strong>interdicitur,</strong></span> <span class='ocrx_word' id='word_1_189' title='bbox 1081 2482 1230 2546; x_wconf 91' lang='lat' dir='ltr'><strong>habebunt</strong></span> <span class='ocrx_word' id='word_1_190' title='bbox 1261 2481 1383 2547; x_wconf 87' lang='lat' dir='ltr'><strong>ineundi</strong></span> 
     </span>
     <span class='ocr_line' id='line_1_23' title="bbox 279 2583 1384 2662; baseline -0.002 -16"><span class='ocrx_word' id='word_1_191' title='bbox 279 2584 415 2646; x_wconf 86' lang='lat' dir='ltr'><strong>meliores</strong></span> <span class='ocrx_word' id='word_1_192' title='bbox 436 2584 559 2662; x_wconf 82' lang='lat' dir='ltr'><strong>conjugii</strong></span> <span class='ocrx_word' id='word_1_193' title='bbox 582 2584 779 2646; x_wconf 85' lang='lat' dir='ltr'><strong>libertatem».</strong></span> <span class='ocrx_word' id='word_1_194' title='bbox 823 2589 851 2658; x_wconf 73' lang='lat' dir='ltr'><strong>s.</strong></span> <span class='ocrx_word' id='word_1_195' title='bbox 869 2583 920 2646; x_wconf 71' lang='lat'><strong>21.</strong></span> <span class='ocrx_word' id='word_1_196' title='bbox 942 2585 973 2646; x_wconf 88' lang='lat' dir='ltr'><strong>Si</strong></span> <span class='ocrx_word' id='word_1_197' title='bbox 995 2585 1061 2662; x_wconf 87' lang='lat' dir='ltr'><strong>quis</strong></span> <span class='ocrx_word' id='word_1_198' title='bbox 1082 2603 1150 2648; x_wconf 89' lang='lat' dir='ltr'><strong>oum</strong></span> <span class='ocrx_word' id='word_1_199' title='bbox 1172 2601 1297 2646; x_wconf 87' lang='lat' dir='ltr'><strong>noverca</strong></span> <span class='ocrx_word' id='word_1_200' title='bbox 1319 2600 1384 2655; x_wconf 87' lang='lat' dir='ltr'><strong>sua,</strong></span> 
     </span>
     <span class='ocr_line' id='line_1_24' title="bbox 280 2683 1385 2762; baseline -0.003 -13"><span class='ocrx_word' id='word_1_201' title='bbox 280 2689 331 2750; x_wconf 91' lang='lat' dir='ltr'><strong>aut</strong></span> <span class='ocrx_word' id='word_1_202' title='bbox 351 2702 442 2756; x_wconf 91' lang='lat' dir='ltr'><strong>nuru,</strong></span> <span class='ocrx_word' id='word_1_203' title='bbox 465 2688 516 2744; x_wconf 90' lang='lat' dir='ltr'><strong>aut</strong></span> <span class='ocrx_word' id='word_1_204' title='bbox 537 2702 637 2752; x_wconf 87' lang='lat' dir='ltr'><strong>socru,</strong></span> <span class='ocrx_word' id='word_1_205' title='bbox 660 2685 836 2762; x_wconf 84' lang='lat' dir='ltr'><strong>peccaverit,</strong></span> <span class='ocrx_word' id='word_1_206' title='bbox 859 2683 1127 2754; x_wconf 81' lang='lat' dir='ltr'><strong>anathematizetur,</strong></span> <span class='ocrx_word' id='word_1_207' title='bbox 1151 2684 1227 2744; x_wconf 86' lang='lat' dir='ltr'><strong>sicut</strong></span> <span class='ocrx_word' id='word_1_208' title='bbox 1247 2683 1385 2760; x_wconf 81' lang='lat' dir='ltr'><strong>superius</strong></span> 
     </span>
     <span class='ocr_line' id='line_1_25' title="bbox 280 2782 1385 2863; baseline -0.004 -19"><span class='ocrx_word' id='word_1_209' title='bbox 280 2785 472 2854; x_wconf 85' lang='lat' dir='ltr'><strong>dictumest,</strong></span> <span class='ocrx_word' id='word_1_210' title='bbox 501 2784 605 2844; x_wconf 89' lang='lat' dir='ltr'><strong>deinde</strong></span> <span class='ocrx_word' id='word_1_211' title='bbox 628 2784 665 2844; x_wconf 85' lang='lat' dir='ltr'><strong>x.</strong></span> <span class='ocrx_word' id='word_1_212' title='bbox 688 2801 779 2845; x_wconf 84' lang='lat' dir='ltr'><strong>annos</strong></span> <span class='ocrx_word' id='word_1_213' title='bbox 800 2786 956 2863; x_wconf 89' lang='lat' dir='ltr'><strong>poeniteat.</strong></span> <span class='ocrx_word' id='word_1_214' title='bbox 999 2783 1140 2846; x_wconf 90' lang='lat' dir='ltr'><strong>Similiter</strong></span> <span class='ocrx_word' id='word_1_215' title='bbox 1161 2782 1245 2854; x_wconf 88' lang='lat' dir='ltr'><strong>illae,</strong></span> <span class='ocrx_word' id='word_1_216' title='bbox 1267 2783 1292 2842; x_wconf 89' lang='lat' dir='ltr'><strong>si</strong></span> <span class='ocrx_word' id='word_1_217' title='bbox 1314 2799 1385 2842; x_wconf 90' lang='lat' dir='ltr'><strong>con·</strong></span> 
     </span>
     <span class='ocr_line' id='line_1_26' title="bbox 280 2882 1382 2961; baseline -0.008 -13"><span class='ocrx_word' id='word_1_218' title='bbox 280 2886 439 2948; x_wconf 80' lang='lat' dir='ltr'><strong>sentientes</strong></span> <span class='ocrx_word' id='word_1_219' title='bbox 461 2887 537 2945; x_wconf 88' lang='lat' dir='ltr'><strong>sunt.</strong></span> <span class='ocrx_word' id='word_1_220' title='bbox 581 2883 612 2944; x_wconf 88' lang='lat' dir='ltr'><strong>Si</strong></span> <span class='ocrx_word' id='word_1_221' title='bbox 635 2884 741 2946; x_wconf 85' lang='lat' dir='ltr'><strong>invitae</strong></span> <span class='ocrx_word' id='word_1_222' title='bbox 763 2902 866 2961; x_wconf 89' lang='lat' dir='ltr'><strong>passae</strong></span> <span class='ocrx_word' id='word_1_223' title='bbox 888 2888 974 2956; x_wconf 89' lang='lat' dir='ltr'><strong>sunt,</strong></span> <span class='ocrx_word' id='word_1_224' title='bbox 1007 2883 1071 2946; x_wconf 88' lang='lat' dir='ltr'><strong>Vll.</strong></span> <span class='ocrx_word' id='word_1_225' title='bbox 1093 2899 1183 2944; x_wconf 83' lang='lat' dir='ltr'><strong>annos</strong></span> <span class='ocrx_word' id='word_1_226' title='bbox 1205 2882 1382 2960; x_wconf 85' lang='lat' dir='ltr'><strong>poeniteant.</strong></span> 
     </span>
     <span class='ocr_line' id='line_1_27' title="bbox 282 2981 1384 3060; baseline -0.002 -18"><span class='ocrx_word' id='word_1_227' title='bbox 282 2983 384 3056; x_wconf 63' lang='lat'><strong>§.92</strong></span> <span class='ocrx_word' id='word_1_228' title='bbox 415 2984 444 3044; x_wconf 84' lang='lat' dir='ltr'><strong>si</strong></span> <span class='ocrx_word' id='word_1_229' title='bbox 473 2988 614 3044; x_wconf 82' lang='lat' dir='ltr'><strong>uxoratus</strong></span> <span class='ocrx_word' id='word_1_230' title='bbox 641 3002 708 3044; x_wconf 90' lang='lat' dir='ltr'><strong>eum</strong></span> <span class='ocrx_word' id='word_1_231' title='bbox 735 3002 827 3046; x_wconf 83' lang='lat' dir='ltr'><strong>uxore</strong></span> <span class='ocrx_word' id='word_1_232' title='bbox 853 2985 967 3060; x_wconf 81' lang='lat' dir='ltr'><strong>cognati</strong></span> <span class='ocrx_word' id='word_1_233' title='bbox 995 2984 1040 3044; x_wconf 89' lang='lat' dir='ltr'><strong>sui</strong></span> <span class='ocrx_word' id='word_1_234' title='bbox 1069 2981 1239 3060; x_wconf 81' lang='lat' dir='ltr'><strong>trequenter</strong></span> <span class='ocrx_word' id='word_1_235' title='bbox 1264 2984 1384 3058; x_wconf 87' lang='lat' dir='ltr'><strong>peccat,</strong></span> 
     </span>
     <span class='ocr_line' id='line_1_28' title="bbox 281 3079 1384 3161; baseline -0.002 -19"><span class='ocrx_word' id='word_1_236' title='bbox 281 3081 416 3160; x_wconf 84' lang='lat' dir='ltr'><strong>primitus</strong></span> <span class='ocrx_word' id='word_1_237' title='bbox 433 3083 721 3156; x_wconf 88' lang='lat' dir='ltr'><strong>anathematizetur,</strong></span> <span class='ocrx_word' id='word_1_238' title='bbox 743 3083 845 3143; x_wconf 90' lang='lat' dir='ltr'><strong>deinde</strong></span> <span class='ocrx_word' id='word_1_239' title='bbox 868 3082 947 3142; x_wconf 91' lang='lat' dir='ltr'><strong>Vlll.</strong></span> <span class='ocrx_word' id='word_1_240' title='bbox 970 3100 1061 3144; x_wconf 90' lang='lat' dir='ltr'><strong>annos</strong></span> <span class='ocrx_word' id='word_1_241' title='bbox 1083 3085 1240 3161; x_wconf 88' lang='lat' dir='ltr'><strong>poeniteat.</strong></span> <span class='ocrx_word' id='word_1_242' title='bbox 1274 3079 1384 3142; x_wconf 85' lang='lat' dir='ltr'><strong>Simili-</strong></span> 
     </span>
     <span class='ocr_line' id='line_1_29' title="bbox 280 3180 1384 3262; baseline 0.002 -22"><span class='ocrx_word' id='word_1_243' title='bbox 280 3183 326 3242; x_wconf 89' lang='lat' dir='ltr'><strong>ter</strong></span> <span class='ocrx_word' id='word_1_244' title='bbox 347 3184 378 3240; x_wconf 91' lang='lat' dir='ltr'><strong>et</strong></span> <span class='ocrx_word' id='word_1_245' title='bbox 398 3180 466 3252; x_wconf 89' lang='lat' dir='ltr'><strong>illa,</strong></span> <span class='ocrx_word' id='word_1_246' title='bbox 488 3182 514 3242; x_wconf 88' lang='lat' dir='ltr'><strong>si</strong></span> <span class='ocrx_word' id='word_1_247' title='bbox 536 3184 564 3241; x_wconf 90' lang='lat' dir='ltr'><strong>ei</strong></span> <span class='ocrx_word' id='word_1_248' title='bbox 585 3183 739 3244; x_wconf 82' lang='lat' dir='ltr'><strong>consentit.</strong></span> <span class='ocrx_word' id='word_1_249' title='bbox 781 3183 812 3244; x_wconf 88' lang='lat' dir='ltr'><strong>Si</strong></span> <span class='ocrx_word' id='word_1_250' title='bbox 834 3201 904 3244; x_wconf 85' lang='lat' dir='ltr'><strong>vero</strong></span> <span class='ocrx_word' id='word_1_251' title='bbox 926 3184 1016 3246; x_wconf 84' lang='lat' dir='ltr'><strong>invita</strong></span> <span class='ocrx_word' id='word_1_252' title='bbox 1038 3201 1123 3262; x_wconf 84' lang='lat' dir='ltr'><strong>passa</strong></span> <span class='ocrx_word' id='word_1_253' title='bbox 1145 3185 1199 3252; x_wconf 90' lang='lat' dir='ltr'><strong>est,</strong></span> <span class='ocrx_word' id='word_1_254' title='bbox 1223 3181 1257 3240; x_wconf 93' lang='lat' dir='ltr'><strong>V.</strong></span> <span class='ocrx_word' id='word_1_255' title='bbox 1280 3197 1384 3242; x_wconf 85' lang='lat' dir='ltr'><strong>annos.</strong></span> 
     </span>
     <span class='ocr_line' id='line_1_30' title="bbox 282 3280 1385 3360; baseline -0.004 -17"><span class='ocrx_word' id='word_1_256' title='bbox 282 3283 310 3354; x_wconf 69' lang='lat'><strong>§0</strong></span> <span class='ocrx_word' id='word_1_257' title='bbox 326 3280 377 3344; x_wconf 76' lang='lat'><strong>23.</strong></span> <span class='ocrx_word' id='word_1_258' title='bbox 399 3280 430 3342; x_wconf 89' lang='lat' dir='ltr'><strong>Si</strong></span> <span class='ocrx_word' id='word_1_259' title='bbox 452 3283 518 3356; x_wconf 86' lang='lat' dir='ltr'><strong>quis</strong></span> <span class='ocrx_word' id='word_1_260' title='bbox 540 3281 728 3343; x_wconf 89' lang='lat' dir='ltr'><strong>concubinam</strong></span> <span class='ocrx_word' id='word_1_261' title='bbox 751 3281 862 3344; x_wconf 90' lang='lat' dir='ltr'><strong>habens</strong></span> <span class='ocrx_word' id='word_1_262' title='bbox 882 3301 1007 3360; x_wconf 91' lang='lat' dir='ltr'><strong>eamque</strong></span> <span class='ocrx_word' id='word_1_263' title='bbox 1027 3283 1178 3347; x_wconf 85' lang='lat' dir='ltr'><strong>dimiserit.</strong></span> <span class='ocrx_word' id='word_1_264' title='bbox 1199 3299 1235 3343; x_wconf 86' lang='lat' dir='ltr'><strong>ac</strong></span> <span class='ocrx_word' id='word_1_265' title='bbox 1254 3280 1385 3356; x_wconf 85' lang='lat' dir='ltr'><strong>legitime</strong></span> 
     </span>
     <span class='ocr_line' id='line_1_31' title="bbox 280 3379 1385 3462; baseline 0.002 -20"><span class='ocrx_word' id='word_1_266' title='bbox 280 3398 401 3442; x_wconf 82' lang='lat' dir='ltr'><strong>uxorem</strong></span> <span class='ocrx_word' id='word_1_267' title='bbox 424 3380 556 3452; x_wconf 84' lang='lat' dir='ltr'><strong>duxerit,</strong></span> <span class='ocrx_word' id='word_1_268' title='bbox 579 3383 603 3440; x_wconf 88' lang='lat' dir='ltr'><strong>si</strong></span> <span class='ocrx_word' id='word_1_269' title='bbox 626 3382 701 3442; x_wconf 89' lang='lat' dir='ltr'><strong>lorte</strong></span> <span class='ocrx_word' id='word_1_270' title='bbox 722 3386 822 3461; x_wconf 88' lang='lat' dir='ltr'><strong>postea</strong></span> <span class='ocrx_word' id='word_1_271' title='bbox 844 3381 935 3444; x_wconf 80' lang='lat' dir='ltr'><strong>irater</strong></span> <span class='ocrx_word' id='word_1_272' title='bbox 956 3379 1020 3460; x_wconf 84' lang='lat' dir='ltr'><strong>ejus</strong></span> <span class='ocrx_word' id='word_1_273' title='bbox 1041 3386 1092 3444; x_wconf 90' lang='lat' dir='ltr'><strong>aut</strong></span> <span class='ocrx_word' id='word_1_274' title='bbox 1114 3382 1293 3462; x_wconf 89' lang='lat' dir='ltr'><strong>propinquus</strong></span> <span class='ocrx_word' id='word_1_275' title='bbox 1316 3397 1385 3444; x_wconf 84' lang='lat' dir='ltr'><strong>eum</strong></span> 
     </span>
     <span class='ocr_line' id='line_1_32' title="bbox 268 3477 1385 3563; baseline 0 -21"><span class='ocrx_word' id='word_1_276' title='bbox 268 3499 315 3542; x_wconf 44' lang='lat' dir='ltr'><strong>*ea</strong></span> <span class='ocrx_word' id='word_1_277' title='bbox 335 3482 463 3544; x_wconf 87' lang='lat' dir='ltr'><strong>scienter</strong></span> <span class='ocrx_word' id='word_1_278' title='bbox 483 3484 668 3562; x_wconf 86' lang='lat' dir='ltr'><strong>peccaverit,</strong></span> <span class='ocrx_word' id='word_1_279' title='bbox 691 3484 842 3563; x_wconf 85' lang='lat' dir='ltr'><strong>primitus,</strong></span> <span class='ocrx_word' id='word_1_280' title='bbox 866 3486 984 3561; x_wconf 89' lang='lat' dir='ltr'><strong>propter</strong></span> <span class='ocrx_word' id='word_1_281' title='bbox 1006 3485 1066 3544; x_wconf 89' lang='lat' dir='ltr'><strong>tam</strong></span> <span class='ocrx_word' id='word_1_282' title='bbox 1089 3482 1230 3544; x_wconf 78' lang='lat' dir='ltr'><strong>nefariam</strong></span> <span class='ocrx_word' id='word_1_283' title='bbox 1252 3497 1324 3546; x_wconf 88' lang='lat' dir='ltr'><strong>rem,</strong></span> <span class='ocrx_word' id='word_1_284' title='bbox 1346 3477 1385 3542; x_wconf 80' lang='lat' dir='ltr'><strong>ab</strong></span> 
     </span>
     <span class='ocr_line' id='line_1_33' title="bbox 280 3579 1385 3661; baseline -0.001 -18"><span class='ocrx_word' id='word_1_285' title='bbox 280 3581 419 3644; x_wconf 88' lang='lat' dir='ltr'><strong>aecclesia</strong></span> <span class='ocrx_word' id='word_1_286' title='bbox 448 3586 619 3661; x_wconf 88' lang='lat' dir='ltr'><strong>separetur,</strong></span> <span class='ocrx_word' id='word_1_287' title='bbox 649 3582 752 3642; x_wconf 90' lang='lat' dir='ltr'><strong>deinde</strong></span> <span class='ocrx_word' id='word_1_288' title='bbox 774 3582 815 3642; x_wconf 88' lang='lat' dir='ltr'><strong>X.</strong></span> <span class='ocrx_word' id='word_1_289' title='bbox 837 3600 929 3645; x_wconf 87' lang='lat' dir='ltr'><strong>annos</strong></span> <span class='ocrx_word' id='word_1_290' title='bbox 957 3583 1112 3659; x_wconf 87' lang='lat' dir='ltr'><strong>poeniteat.</strong></span> <span class='ocrx_word' id='word_1_291' title='bbox 1154 3580 1297 3642; x_wconf 89' lang='lat' dir='ltr'><strong>Similiter</strong></span> <span class='ocrx_word' id='word_1_292' title='bbox 1318 3579 1385 3654; x_wconf 84' lang='lat' dir='ltr'><strong>illa,</strong></span> 
     </span>
     <span class='ocr_line' id='line_1_34' title="bbox 279 3680 1384 3761; baseline 0.003 -21"><span class='ocrx_word' id='word_1_293' title='bbox 279 3683 305 3740; x_wconf 89' lang='lat' dir='ltr'><strong>si</strong></span> <span class='ocrx_word' id='word_1_294' title='bbox 326 3682 353 3741; x_wconf 90' lang='lat' dir='ltr'><strong>ei</strong></span> <span class='ocrx_word' id='word_1_295' title='bbox 375 3684 527 3744; x_wconf 83' lang='lat' dir='ltr'><strong>consentit.</strong></span> <span class='ocrx_word' id='word_1_296' title='bbox 570 3680 602 3742; x_wconf 89' lang='lat' dir='ltr'><strong>Si</strong></span> <span class='ocrx_word' id='word_1_297' title='bbox 622 3701 693 3744; x_wconf 82' lang='lat' dir='ltr'><strong>vero</strong></span> <span class='ocrx_word' id='word_1_298' title='bbox 715 3682 806 3746; x_wconf 88' lang='lat' dir='ltr'><strong>invita</strong></span> <span class='ocrx_word' id='word_1_299' title='bbox 828 3699 915 3761; x_wconf 87' lang='lat' dir='ltr'><strong>passa</strong></span> <span class='ocrx_word' id='word_1_300' title='bbox 937 3686 997 3752; x_wconf 90' lang='lat' dir='ltr'><strong>est,</strong></span> <span class='ocrx_word' id='word_1_301' title='bbox 1027 3681 1091 3742; x_wconf 88' lang='lat' dir='ltr'><strong>vll.</strong></span> <span class='ocrx_word' id='word_1_302' title='bbox 1114 3698 1205 3742; x_wconf 88' lang='lat' dir='ltr'><strong>annos</strong></span> <span class='ocrx_word' id='word_1_303' title='bbox 1226 3680 1384 3758; x_wconf 80' lang='lat' dir='ltr'><strong>poeniteat.</strong></span> 
     </span>
     <span class='ocr_line' id='line_1_35' title="bbox 281 3779 1385 3860; baseline 0.001 -22"><span class='ocrx_word' id='word_1_304' title='bbox 281 3783 311 3852; x_wconf 70' lang='grc' dir='ltr'><strong>ς.</strong></span> <span class='ocrx_word' id='word_1_305' title='bbox 332 3779 382 3842; x_wconf 82' lang='lat' dir='ltr'><strong>aa.</strong></span> <span class='ocrx_word' id='word_1_306' title='bbox 412 3779 444 3840; x_wconf 88' lang='lat' dir='ltr'><strong>Si</strong></span> <span class='ocrx_word' id='word_1_307' title='bbox 466 3784 547 3860; x_wconf 90' lang='lat' dir='ltr'><strong>pater</strong></span> <span class='ocrx_word' id='word_1_308' title='bbox 568 3783 599 3842; x_wconf 91' lang='lat' dir='ltr'><strong>et</strong></span> <span class='ocrx_word' id='word_1_309' title='bbox 620 3780 698 3844; x_wconf 88' lang='lat' dir='ltr'><strong>iilius</strong></span> <span class='ocrx_word' id='word_1_310' title='bbox 721 3799 789 3844; x_wconf 85' lang='lat' dir='ltr'><strong>eum</strong></span> <span class='ocrx_word' id='word_1_311' title='bbox 810 3799 869 3844; x_wconf 90' lang='lat' dir='ltr'><strong>una</strong></span> <span class='ocrx_word' id='word_1_312' title='bbox 892 3781 1018 3842; x_wconf 78' lang='lat' dir='ltr'><strong>faemina</strong></span> <span class='ocrx_word' id='word_1_313' title='bbox 1039 3784 1166 3842; x_wconf 88' lang='lat' dir='ltr'><strong>scienter</strong></span> <span class='ocrx_word' id='word_1_314' title='bbox 1187 3781 1385 3860; x_wconf 79' lang='lat' dir='ltr'><strong>peccaverint,</strong></span> 
     </span>
     <span class='ocr_line' id='line_1_36' title="bbox 280 3879 1386 3960; baseline 0.003 -23"><span class='ocrx_word' id='word_1_315' title='bbox 280 3879 415 3958; x_wconf 86' lang='lat' dir='ltr'><strong>primitus</strong></span> <span class='ocrx_word' id='word_1_316' title='bbox 436 3879 727 3954; x_wconf 87' lang='lat' dir='ltr'><strong>anathematizentur,</strong></span> <span class='ocrx_word' id='word_1_317' title='bbox 750 3881 853 3942; x_wconf 88' lang='lat' dir='ltr'><strong>deinde</strong></span> <span class='ocrx_word' id='word_1_318' title='bbox 875 3879 942 3942; x_wconf 84' lang='lat' dir='ltr'><strong>XV.</strong></span> <span class='ocrx_word' id='word_1_319' title='bbox 962 3899 1052 3942; x_wconf 85' lang='lat' dir='ltr'><strong>annos</strong></span> <span class='ocrx_word' id='word_1_320' title='bbox 1067 3882 1242 3960; x_wconf 88' lang='lat' dir='ltr'><strong>poeniteant,</strong></span> <span class='ocrx_word' id='word_1_321' title='bbox 1264 3882 1295 3940; x_wconf 90' lang='lat' dir='ltr'><strong>et</strong></span> <span class='ocrx_word' id='word_1_322' title='bbox 1309 3897 1386 3940; x_wconf 91' lang='lat' dir='ltr'><strong>nun·</strong></span> 
     </span>
     <span class='ocr_line' id='line_1_37' title="bbox 280 3979 1386 4060; baseline 0.004 -24"><span class='ocrx_word' id='word_1_323' title='bbox 280 3995 370 4055; x_wconf 87' lang='lat' dir='ltr'><strong>quam</strong></span> <span class='ocrx_word' id='word_1_324' title='bbox 392 3995 459 4040; x_wconf 88' lang='lat' dir='ltr'><strong>oum</strong></span> <span class='ocrx_word' id='word_1_325' title='bbox 482 3979 529 4040; x_wconf 88' lang='lat' dir='ltr'><strong>illa</strong></span> <span class='ocrx_word' id='word_1_326' title='bbox 551 3997 584 4039; x_wconf 86' lang='lat' dir='ltr'><strong>se</strong></span> <span class='ocrx_word' id='word_1_327' title='bbox 605 3980 788 4058; x_wconf 80' lang='lat' dir='ltr'><strong>conjungant.</strong></span> <span class='ocrx_word' id='word_1_328' title='bbox 831 3980 862 4042; x_wconf 78' lang='lat' dir='ltr'><strong>st</strong></span> <span class='ocrx_word' id='word_1_329' title='bbox 884 3998 954 4042; x_wconf 84' lang='lat' dir='ltr'><strong>vem</strong></span> <span class='ocrx_word' id='word_1_330' title='bbox 976 3982 1141 4058; x_wconf 81' lang='lat' dir='ltr'><strong>ignoranter</strong></span> <span class='ocrx_word' id='word_1_331' title='bbox 1161 3980 1259 4042; x_wconf 90' lang='lat' dir='ltr'><strong>taliter</strong></span> <span class='ocrx_word' id='word_1_332' title='bbox 1279 3997 1386 4060; x_wconf 89' lang='lat' dir='ltr'><strong>pecca-</strong></span> 
     </span>
     <span class='ocr_line' id='line_1_38' title="bbox 279 4076 1385 4160; baseline 0.002 -22"><span class='ocrx_word' id='word_1_333' title='bbox 279 4079 391 4146; x_wconf 78' lang='lat' dir='ltr'><strong>verint,</strong></span> <span class='ocrx_word' id='word_1_334' title='bbox 413 4076 441 4134; x_wconf 90' lang='lat' dir='ltr'><strong>id</strong></span> <span class='ocrx_word' id='word_1_335' title='bbox 463 4081 527 4150; x_wconf 85' lang='lat' dir='ltr'><strong>est,</strong></span> <span class='ocrx_word' id='word_1_336' title='bbox 552 4079 654 4140; x_wconf 91' lang='lat' dir='ltr'><strong>utilia</strong></span> <span class='ocrx_word' id='word_1_337' title='bbox 677 4079 758 4141; x_wconf 87' lang='lat' dir='ltr'><strong>illum</strong></span> <span class='ocrx_word' id='word_1_338' title='bbox 780 4098 846 4142; x_wconf 89' lang='lat' dir='ltr'><strong>cum</strong></span> <span class='ocrx_word' id='word_1_339' title='bbox 869 4098 927 4156; x_wconf 85' lang='lat' dir='ltr'><strong>quo</strong></span> <span class='ocrx_word' id='word_1_340' title='bbox 949 4081 1084 4160; x_wconf 86' lang='lat' dir='ltr'><strong>primitus</strong></span> <span class='ocrx_word' id='word_1_341' title='bbox 1105 4082 1276 4160; x_wconf 87' lang='lat' dir='ltr'><strong>peccaverat</strong></span> <span class='ocrx_word' id='word_1_342' title='bbox 1297 4079 1385 4154; x_wconf 86' lang='lat' dir='ltr'><strong>celat,</strong></span> 
     </span>
     <span class='ocr_line' id='line_1_39' title="bbox 279 4177 1384 4258; baseline 0 -20"><span class='ocrx_word' id='word_1_343' title='bbox 279 4179 313 4238; x_wconf 92' lang='lat' dir='ltr'><strong>ut</strong></span> <span class='ocrx_word' id='word_1_344' title='bbox 333 4177 453 4238; x_wconf 84' lang='lat' dir='ltr'><strong>liberius</strong></span> <span class='ocrx_word' id='word_1_345' title='bbox 475 4193 541 4237; x_wconf 86' lang='lat' dir='ltr'><strong>aum</strong></span> <span class='ocrx_word' id='word_1_346' title='bbox 564 4181 697 4257; x_wconf 89' lang='lat' dir='ltr'><strong>sequenti</strong></span> <span class='ocrx_word' id='word_1_347' title='bbox 719 4180 810 4258; x_wconf 89' lang='lat' dir='ltr'><strong>possit</strong></span> <span class='ocrx_word' id='word_1_348' title='bbox 830 4195 967 4258; x_wconf 87' lang='lat' dir='ltr'><strong>peceare,</strong></span> <span class='ocrx_word' id='word_1_349' title='bbox 989 4177 1059 4240; x_wconf 85' lang='lat' dir='ltr'><strong>Xll.</strong></span> <span class='ocrx_word' id='word_1_350' title='bbox 1082 4196 1172 4240; x_wconf 85' lang='lat' dir='ltr'><strong>annos</strong></span> <span class='ocrx_word' id='word_1_351' title='bbox 1194 4180 1384 4258; x_wconf 77' lang='lat' dir='ltr'><strong>poeniteant3</strong></span> 
     </span>
     <span class='ocr_line' id='line_1_40' title="bbox 279 4273 1384 4356; baseline -0.001 -17"><span class='ocrx_word' id='word_1_352' title='bbox 279 4277 327 4339; x_wconf 92' lang='lat' dir='ltr'><strong>illa</strong></span> <span class='ocrx_word' id='word_1_353' title='bbox 350 4294 420 4338; x_wconf 86' lang='lat' dir='ltr'><strong>vero</strong></span> <span class='ocrx_word' id='word_1_354' title='bbox 440 4273 592 4353; x_wconf 88' lang='lat' dir='ltr'><strong>abjiciatur</strong></span> <span class='ocrx_word' id='word_1_355' title='bbox 618 4278 769 4356; x_wconf 89' lang='lat' dir='ltr'><strong>usquead</strong></span> <span class='ocrx_word' id='word_1_356' title='bbox 793 4281 935 4350; x_wconf 89' lang='lat' dir='ltr'><strong>mortem;</strong></span> <span class='ocrx_word' id='word_1_357' title='bbox 965 4281 1169 4340; x_wconf 88' lang='lat' dir='ltr'><strong>verumtamen</strong></span> <span class='ocrx_word' id='word_1_358' title='bbox 1192 4280 1220 4338; x_wconf 91' lang='lat' dir='ltr'><strong>in</strong></span> <span class='ocrx_word' id='word_1_359' title='bbox 1243 4277 1384 4340; x_wconf 83' lang='lat' dir='ltr'><strong>extremis</strong></span> 
     </span>
     <span class='ocr_line' id='line_1_41' title="bbox 279 4375 1383 4458; baseline -0.003 -18"><span class='ocrx_word' id='word_1_360' title='bbox 279 4375 459 4441; x_wconf 83' lang='lat' dir='ltr'><strong>reconciliari</strong></span> <span class='ocrx_word' id='word_1_361' title='bbox 480 4379 602 4454; x_wconf 86' lang='lat' dir='ltr'><strong>oportet</strong></span> <span class='ocrx_word' id='word_1_362' title='bbox 633 4380 661 4450; x_wconf 75' lang='grc' dir='ltr'><strong>ς.</strong></span> <span class='ocrx_word' id='word_1_363' title='bbox 683 4375 734 4438; x_wconf 77' lang='lat' dir='ltr'><strong>et.</strong></span> <span class='ocrx_word' id='word_1_364' title='bbox 758 4375 790 4438; x_wconf 90' lang='lat' dir='ltr'><strong>Si</strong></span> <span class='ocrx_word' id='word_1_365' title='bbox 812 4378 877 4456; x_wconf 86' lang='lat' dir='ltr'><strong>quis</strong></span> <span class='ocrx_word' id='word_1_366' title='bbox 899 4395 966 4440; x_wconf 91' lang='lat' dir='ltr'><strong>cum</strong></span> <span class='ocrx_word' id='word_1_367' title='bbox 987 4377 1037 4440; x_wconf 89' lang='lat' dir='ltr'><strong>illa</strong></span> <span class='ocrx_word' id='word_1_368' title='bbox 1057 4377 1184 4440; x_wconf 83' lang='lat' dir='ltr'><strong>faemina</strong></span> <span class='ocrx_word' id='word_1_369' title='bbox 1206 4380 1383 4458; x_wconf 81' lang='lat' dir='ltr'><strong>peccaverit,</strong></span> 
     </span>
     <span class='ocr_line' id='line_1_42' title="bbox 281 4475 1383 4555; baseline 0.002 -17"><span class='ocrx_word' id='word_1_370' title='bbox 281 4495 370 4555; x_wconf 69' lang='lat' dir='ltr'><strong>mam</strong></span> <span class='ocrx_word' id='word_1_371' title='bbox 384 4479 525 4555; x_wconf 82' lang='lat' dir='ltr'><strong>cognatus</strong></span> <span class='ocrx_word' id='word_1_372' title='bbox 540 4494 612 4539; x_wconf 88' lang='lat' dir='ltr'><strong>suus</strong></span> <span class='ocrx_word' id='word_1_373' title='bbox 632 4478 660 4536; x_wconf 89' lang='lat' dir='ltr'><strong>in</strong></span> <span class='ocrx_word' id='word_1_374' title='bbox 675 4475 805 4554; x_wconf 72' lang='lat' dir='ltr'><strong>coniugio</strong></span> <span class='ocrx_word' id='word_1_375' title='bbox 819 4475 965 4550; x_wconf 87' lang='lat' dir='ltr'><strong>babuerit,</strong></span> <span class='ocrx_word' id='word_1_376' title='bbox 985 4477 1257 4552; x_wconf 84' lang='lat' dir='ltr'><strong>anathematizetur,</strong></span> <span class='ocrx_word' id='word_1_377' title='bbox 1277 4477 1383 4540; x_wconf 60' lang='lat' dir='ltr'><strong>(londa</strong></span> 
     </span>
    </p>
   </div>
   <div class='ocr_carea' id='block_1_4' title="bbox 0 0 1558 5098">
    <p class='ocr_par' dir='ltr' id='par_1_4' title="bbox 0 0 1558 5098">
     <span class='ocr_line' id='line_1_43' title="bbox 0 0 1558 5098; baseline 0 0"><span class='ocrx_word' id='word_1_378' title='bbox 0 0 1558 5098; x_wconf 95' lang='lat' dir='ltr'><strong> </strong></span> 
     </span>
    </p>
   </div>
  </div>
 </body>
</html>
