3094 5100
681 299 753 376 15⁷

689 497 747 568 IV.

534 646 573 696 De
593 646 753 698 inlecebroso
775 633 903 711 amplexu.

230 784 289 861 Qui
310 805 363 867 per
384 788 579 850 inlecebrosos
599 790 752 870 amplexus
773 789 881 852 lemine
904 789 953 853 vel
978 809 1035 871 per
1054 789 1186 852 osculum
1208 789 1271 870 pol-

166 887 272 961 luitur,
301 887 396 949 XXX
423 888 485 950 dies
511 891 649 968 peniteat.
695 888 753 965 Qui
780 891 908 967 tetigerit
932 889 1127 954 inverecundo
1152 908 1271 954 carnem

166 986 296 1068 ejusdcm
325 987 450 1062 lemine,
482 989 525 1050 lll
553 1007 669 1052 menses
698 991 836 1069 peniteat.
890 987 949 1064 Qui
978 1009 1030 1070 per
1059 989 1270 1069 turpiloquium

166 1087 314 1164 negligens
335 1087 454 1166 polluit,
478 1089 533 1150 Vll
551 1089 613 1151 dics
636 1092 699 1152 sive
721 1090 762 1151 lll
788 1091 925 1170 peniteat.
962 1088 1021 1163 Qui
1043 1091 1269 1170 inpugnatione

166 1188 347 1266 cogitationis
373 1191 403 1250 et
428 1194 532 1251 nature
555 1190 657 1251 volens
678 1192 862 1268 inquinatur,
892 1190 945 1252 Vll
966 1191 1028 1252 dies
1050 1193 1193 1271 peniteat,
1219 1193 1271 1252 aut

165 1288 192 1349 L
219 1287 363 1367 psalmos,
398 1291 497 1351 cantet
527 1293 557 1350 et
585 1289 625 1352 lV
652 1288 740 1350 leriae
764 1292 794 1350 et
821 1288 862 1351 Vl
888 1287 997 1368 jejunet
1024 1289 1059 1353 ad
1088 1308 1195 1351 nonam
1222 1289 1269 1352 vel

166 1386 203 1449 ad
224 1406 388 1467 uesperam.
424 1389 585 1468 Presbyter
613 1392 637 1450 si
666 1389 815 1452 osculatus
844 1393 890 1452 est
917 1391 1056 1452 leminam
1080 1409 1133 1469 per
1157 1389 1270 1451 deside·

166 1490 259 1561 rium,
282 1488 344 1549 XX
366 1488 429 1550 dies
450 1491 587 1570 peniteat
622 1489 763 1552 Sacerdos
782 1509 834 1571 per
852 1491 1060 1571 turpiloquium
1079 1509 1132 1551 seu
1150 1492 1271 1570 aspectu

166 1588 367 1667 coinquinetur
380 1585 419 1671 03)
442 1592 472 1650 et
493 1608 549 1650 non
569 1590 663 1653 voluit
684 1589 841 1667 lornieare,
863 1589 925 1652 XX
947 1590 1009 1652 dies
1030 1590 1169 1671 peniteat.
1211 1586 1270 1663 Qui

167 1688 196 1748 iu
218 1687 339 1750 ecclesia
360 1693 529 1752 consecrata
550 1690 678 1765 nubunt,
699 1691 827 1768 require.

694 1899 736 1970 V.

264 2049 303 2099 lie
320 2048 473 2102 abstinentia
491 2050 540 2101 vlri
558 2062 588 2101 ac
606 2050 700 2100 lemine
718 2057 776 2114 post
793 2050 955 2102 manifestam
974 2048 1176 2112 conceptionem.

230 2189 372 2254 chratus
400 2194 546 2256 contineat
572 2213 605 2256 se
626 2193 683 2255 XL
706 2193 769 2256 dies
794 2197 861 2257 ante
891 2193 999 2273 pascha
1026 2196 1056 2254 et
1083 2196 1270 2273 pentecosten

168 2307 222 2351 seu
244 2293 311 2352 ante
333 2292 430 2352 natale
451 2291 561 2355 domini
583 2297 613 2354 et
636 2312 752 2355 omnem
775 2294 949 2357 dominicam
971 2297 1088 2354 noctem
1111 2292 1152 2356 lV
1179 2296 1209 2353 et
1231 2293 1271 2356 Vl

166 2388 270 2462 luins,
298 2394 328 2451 et
348 2411 366 2454 a
387 2395 575 2472 conceptione
596 2393 780 2457 manifestata
806 2413 899 2472 usque
921 2397 1110 2473 postratum
1132 2391 1271 2454 sobolem.

168 2489 221 2551 Vir
241 2493 339 2551 autem
361 2493 507 2554 contineat
527 2511 559 2552 se
580 2492 617 2553 ab
638 2513 730 2556 uxore
750 2493 793 2554 lll
815 2510 950 2565 menses,
977 2511 1052 2554 uxor
1078 2495 1143 2572 post
1169 2496 1270 2556 uatum

167 2589 298 2652 sobolem
324 2590 525 2655 abstinentes
550 2591 588 2654 ab
614 2592 755 2666 ecclesia,
785 2594 811 2654 si
832 2593 910 2654 filius
931 2594 993 2665 est,
1022 2592 1084 2653 dies
1106 2591 1217 2666 XXX,
1246 2593 1272 2654 si

167 2690 244 2763 lilio,
269 2690 324 2752 XL
346 2691 418 2752 dies.
488 2733 490 2740 ·

230 2791 338 2853 Mulier
359 2791 505 2854 abstineat
527 2810 560 2852 se
581 2810 599 2853 a
619 2793 682 2853 viro
705 2791 747 2854 lll
768 2810 901 2867 menses,
924 2792 1037 2870 quaudo
1055 2793 1193 2871 concepta
1212 2795 1271 2866 est,

168 2894 326 2970 antequam
350 2893 437 2969 pariit
458 2894 574 2970 etpost
596 2896 712 2971 partum
734 2891 791 2953 XL
812 2892 884 2953 dies.

230 2988 289 3065 Qui
309 2993 409 3053 autem
432 2992 562 3069 nupserit
582 2990 768 3064 hisdiebus,
789 2990 846 3052 XL
862 2992 923 3054 dies
941 2993 1088 3072 peniteat,
1111 2996 1161 3056 aut
1179 2989 1272 3052 XXX

168 3093 219 3154 aut
239 3091 332 3163 XX„

230 3192 321 3263 item,
349 3193 400 3271 qui
423 3193 452 3252 in
477 3194 661 3255 matrimonio
686 3197 770 3266 sunt,
798 3191 963 3257 abstineant
984 3211 1017 3254 se
1037 3195 1094 3258 viri
1116 3193 1151 3256 ab
1174 3194 1273 3255 uxori·

168 3292 224 3354 hus
246 3296 403 3354 clusores
425 3311 442 3356 a
464 3291 534 3356 'viris
556 3313 658 3355 earum
680 3295 709 3352 in
732 3292 826 3355 tribus
848 3294 1081 3373 quadragesimis
1109 3297 1139 3355 et
1165 3295 1193 3353 in
1223 3293 1274 3355 do·

168 3394 274 3455 minica
303 3397 386 3455 noete
415 3396 445 3454 et
473 3393 501 3454 in
532 3388 652 3457 sabbato
681 3397 711 3453 et
737 3393 781 3454 IV
804 3397 834 3454 et
859 3394 901 3455 Vl
927 3392 1016 3467 leria,
1047 3395 1116 3470 quia
1143 3394 1272 3470 legitime

170 3497 239 3554 sunt
267 3497 296 3553 et
324 3493 366 3554 lll
395 3497 495 3553 noctes
524 3497 686 3572 antequam¹
709 3493 933 3554 communicent.
969 3490 1028 3567 Qui
1056 3495 1084 3553 in
1112 3492 1274 3569 quadrage·

169 3595 244 3656 sima
265 3596 333 3656 ante
354 3593 463 3676 pascha
485 3595 652 3670 cognoverit
671 3613 793 3656 uxorem
807 3584 845 3674 04)
871 3611 956 3655 suam
981 3596 1011 3653 et
1032 3592 1157 3656 noluerit
1182 3591 1274 3654 absti-

169 3713 240 3756 nere
261 3695 296 3756 ob
316 3694 370 3756 illo
383 3689 438 3777 ⁸³),
466 3693 479 3754 l
501 3711 611 3756 annum
633 3695 775 3773 peniteat,
803 3697 855 3756 aut
875 3694 1008 3774 precium
1030 3711 1117 3755 suum
1139 3692 1274 3755 videlicet

170 3792 274 3855 XXVl
296 3793 402 3855 solidos
423 3794 459 3856 ad
482 3794 635 3855 ecclesiam
657 3794 759 3858 reddat
784 3799 835 3858 aut
862 3794 890 3854 in
912 3812 1056 3874 pauperes
1081 3793 1199 3856 dividat.
1241 3792 1274 3857 Si

170 3913 222 3976 per
243 3894 416 3956 ebrietatem
438 3894 487 3958 rel
507 3895 594 3958 aliam
616 3913 737 3957 causam
762 3897 792 3956 et
812 3895 875 3958 siue
896 3895 1106 3958 consuetudine
1126 3893 1273 3967 acciderit,

170 3993 227 4058 XL
247 3995 310 4056 dics
330 3997 468 4076 peniteat.

224 4231 269 4292 63)
288 4231 351 4284 Cod.
369 4231 421 4283 163
440 4230 627 4294 coinquinetur.

224 4319 267 4382 ui)
287 4320 349 4371 cod.
368 4321 419 4372 161
437 4319 583 4371 mulierem.

225 4407 269 4471 oo)
287 4407 350 4459 Cod.
371 4407 420 4460 llll
439 4406 472 4457 ob
491 4419 529 4457 eo.
