3094 5100
661 369 667 374 '
692 353 761 446 151

177 567 377 630 quaesumus,
404 552 438 631 ut
458 549 511 612 des
532 551 560 612 ei
580 551 714 638 reniam,
740 549 893 616 ¹confitenti
917 571 1004 632 poree
1026 554 1150 634 supplici
1173 559 1209 618 ut
1234 557 1286 637 qui

178 640 287 712 nostris
309 650 422 712 meritis
443 667 616 713 accusamur
636 654 686 728 tua
707 651 895 715 miseratione
916 653 1074 718 salvemur.
1112 656 1180 718 Per.
1265 701 1268 708 -

240 751 338 826 Deus,
367 748 422 812 sub
452 747 537 828 cujus
564 749 656 814 oculis
683 769 769 816 omne
796 769 847 814 eor
874 753 1000 834 trepidat
1026 757 1190 834 omnesque
1217 765 1286 818 con·

177 849 317 940 scientiae
339 841 581 928 contremiscunt,
608 852 764 932 propitiare
785 853 916 916 omnium
936 853 1095 931 gemitibus
1116 859 1146 916 et
1167 860 1287 920 cuncto-

177 969 246 1012 rum
267 949 390 1012 medere
407 946 596 1024 vulneribus,
626 954 656 1014 et
682 953 766 1046 sicut
786 970 873 1016 nemo
901 941 1068 1016 nostrorum
1095 958 1141 1034 est
1166 955 1241 1018 liber
1268 977 1287 1020 a

177 1050 282 1131 culpa,
304 1051 344 1112 ita
367 1068 452 1112 nemo
474 1053 512 1114 sit
535 1051 647 1112 alienus
668 1071 685 1114 a
705 1052 802 1114 ιοοιο.
846 1052 901 1114 Ροι
923 1039 1084 1116 dominum.
1159 1071 1163 1080 ’

240 1149 315 1212 lilia.
359 1149 440 1211 Deus
476 1149 607 1211 infinitae
635 1149 859 1215 misericordiae
896 1153 1089 1231 veritatisque
1123 1155 1286 1217 immensae

177 1250 341 1330 propiciare
365 1250 566 1327 iniquitatibus
590 1252 696 1314 nostris
721 1253 752 1312 et
775 1251 910 1341 omuibus
932 1252 1097 1336 animarum
1119 1245 1286 1316 nostrarum
1399 1291 1402 1298 -

177 1349 296 1410 medere
312 1347 514 1426 languoribus,
537 1351 807 1418 utmiaerationnm
823 1353 940 1414 tuarum
957 1353 1128 1414 remissione
1149 1354 1286 1432 percepta

178 1448 207 1508 in
229 1451 279 1510 tua
301 1466 416 1528 semper
437 1448 637 1511 benedictione
658 1451 793 1529 letemur.
837 1451 1073 1538 Perdomiunm.
1139 1485 1141 1489 ,
1173 1483 1178 1490 ·
1231 1471 1234 1477 ·

177 1603 180 1606 .
240 1549 315 1610 Alia.
344 1547 465 1610 'Precor
485 1548 600 1610 domine
622 1539 793 1618 clementiae
815 1554 845 1612 et
864 1540 1083 1616 misericordiae
1104 1549 1287 1628 tuaemaje·

178 1649 304 1722 statem,
330 1652 363 1710 ut
385 1648 495 1712 lamulo
516 1649 551 1712 N.
574 1654 693 1729 peccata
714 1655 744 1712 et
766 1650 894 1715 facinora
915 1670 969 1715 sua
991 1652 1140 1714 confitenti
1161 1669 1215 1732 per
1234 1669 1288 1713 ve-

178 1747 256 1809 niam
273 1748 409 1810 relaxare
431 1749 573 1826 digneris,
595 1755 626 1811 et
647 1751 1172 1830 praeteritorum‘criminumculpas
1194 1749 1288 1810 indul-

177 1865 265 1925 geas,
294 1847 345 1924 qui
372 1848 505 1911 humeris
534 1852 598 1910 tuis'·
622 1867 707 1914 orem
738 1849 882 1930 perditam
910 1851 1052 1914 reduxisti
1082 1853 1113 1912 et
1135 1847 1285 1930 'pubircam

178 1946 316 2028 precibus
345 1950 374 2008 et
402 1948 583 2010 confessione
610 1949 739 2030 placatas
766 1969 816 2023 es,
847 1954 880 2013 tu
902 1952 991 2013 etiam
1014 1949 1083 2014 huic
1103 1949 1214 2026 lamulo
1234 1951 1286 2009 tuo

178 2047 295 2126 placare
315 2048 447 2120 domine,
477 2053 509 2111 lu
531 2048 619 2129 hujus
638 2049 774 2131 precibus
795 2049 939 2127 benignus
960 2051 1075 2132 aspira,
1104 2053 1138 2114 ut
1164 2050 1193 2110 in
1218 2066 1287 2110 con·

180 2139 306 2208 sessione
333 2145 422 2209 ilebili
450 2151 620 2228 permaneat
645 2148 735 2212 lletus
758 2147 821 2228 ejus
845 2153 875 2212 et
899 2151 1006 2230 peticio
1029 2151 1201 2230 perpetuam
1227 2149 1287 2210 ele·

178 2250 318 2312 mentium
343 2250 425 2312 tuam
449 2249 584 2311 celeriter
608 2254 709 2312 exoret
732 2251 900 2329 sanctisque
924 2249 1064 2314 altaribus
1092 2253 1122 2316 et
1150 2251 1286 2331 sacrariis

178 2350 332 2411 restitutus
362 2350 424 2429 spei
454 2368 558 2444 rursus
588 2355 708 2414 aeterne
741 2353 773 2413 et
803 2350 921 2465 celestis
951 2351 1063 2430 gloriae
1093 2352 1284 2466 mancipetur.

178 2448 271 2511 Per.

240 2548 316 2610 Alia.
360 2547 484 2611 Domine
505 2553 622 2623 sancte,
649 2553 732 2631 pater
752 2539 952 2629 omnipotens,
978 2526 1096 2612 aeterne
1117 2550 1207 2622 deus,
1235 2551 1285 2627 qui

178 2648 355 2730 pertesum
376 2649 545 2724 Christum,
572 2649 664 2710 lilium
687 2652 789 2723 tuum,
802 2649 963 2734 dominum
984 2653 1135 2723 nostrum,
1161 2649 1284 2731 vulnera

178 2752 279 2811 nostra
308 2767 413 2812 curare
439 2749 573 2825 dignatus
602 2767 652 2823 es,
674 2751 713 2810 te
741 2748 888 2831 supplices
917 2767 1072 2811 exoramus
1095 2751 1131 2814 et
1136 2751 1290 2829 petimus
1409 2835 1410 2843 ρ

178 2868 231 2910 nos
245 2848 380 2910 humiles
400 2849 443 2911 tui
465 2845 647 2922 sacerdotes,
669 2850 703 2910 ut
724 2848 860 2926 precibus
882 2851 990 2910 nostris
1011 2867 1114 2911 aurem
1136 2852 1219 2912 tuae
1223 2852 1286 2930 pie·

178 2952 248 3012 tatis
274 2949 416 3011 inclinare
440 2938 584 3026 digneris,
613 2949 806 3028 remittasque
833 2947 930 3012 omnia
954 2950 1095 3012 crimina
1110 2951 1148 3010 et
1165 2952 1284 3034 peccata

177 3053 313 3114 universa
337 3035 499 3122 condones,
527 3049 638 3128 desque
659 3048 727 3110 huie
748 3048 858 3111 famulo
880 3051 949 3122 tuo,
978 3031 1112 3123 domine,
1128 3067 1193 3127 pro
1211 3065 1285 3132 sup·

176 3149 270 3232 pliciis
291 3153 425 3224 veniam,
443 3168 501 3230 pro
522 3167 638 3214 merore
660 3146 819 3240 laetitiam,
840 3168 893 3230 pre
914 3153 1009 3210 morte
1030 3152 1140 3224 vitam,
1161 3155 1195 3213 ut
1216 3170 1285 3212 con·

177 3242 269 3313 fidens
286 3250 323 3310 de
340 3254 390 3314 tua
407 3237 605 3311 misericordia
624 3249 660 3310 ad
677 3250 767 3311 vitam
784 3235 938 3367 peruenire
955 3255 1105 3313 mereatur
1122 3254 1282 3315 aeternam.
1367 3295 1370 3304 ι

177 3349 234 3430 Per
256 3351 381 3415 eundem
402 3349 563 3432 dominum.

235 3437 445 3516 Reconciliatio
471 3429 645 3544 poenitentis
671 3445 700 3508 V
727 3447 837 3520 Feriae
863 3443 1002 3508 Paschae.
1030 3401 1182 3528 inprimis
1206 3451 1283 3512 dicat

165 3548 327 3616 'Psalmum
346 3550 372 3612 i.
388 3550 530 3610 miserere
548 3548 608 3607 mei
629 3547 702 3608 deus
723 3561 790 3628 eum
808 3545 965 3630 antiphona
985 3565 1036 3611 cor
1054 3547 1195 3610 mundum
1212 3567 1281 3612 crea

176 3651 206 3710 in
227 3669 276 3712 me
298 3653 371 3713 deus
393 3653 423 3709 et
443 3647 579 3729 spiritum
600 3648 744 3710 rectum'
736 3664 843 3708 innova
864 3647 893 3707 in
914 3629 1079 3708 visceribus
1096 3649 1186 3709 meis·

218 3749 334 3825 Ιιοιιι,
352 3741 485 3832 hnmani
503 3749 618 3825 generis
638 3746 847 3824 benignissime
865 3745 998 3812 conditor
1019 3751 1049 3808 et
1070 3735 1281 3834 misericordis-

175 3853 250 3914 sime
269 3850 459 3922 reformator,
481 3849 532 3928 qui
554 3849 583 3908 iu
590 3842 843 3908 corneciliacinne
864 3829 1012 3924 lapsorum
1034 3829 1135 3909 etiam
1144 3867 1208 3925 me,
1230 3867 1292 3928 qun

175 3951 374 4014 misericordia
397 3954 448 4012 tua
468 3950 580 4030 primus
602 3947 732 4024 indigeo,
760 3947 884 4009 servire
878 3928 1057 4010 effectibus
1074 3950 1185 4028 gratiae
1210 3954 1280 4013 tuae

175 4073 229 4133 per
249 4053 446 4116 ministerium
463 4047 641 4138 sacerdotale
658 4047 792 4119 voluisti,
813 4051 847 4108 ut
864 4049 1279 4136 cessante-meritesupplreis

175 4152 335 4216 mirabilior
356 4152 441 4213 lieret
462 4150 616 4212 clementia
636 4146 837 4234 redemptoris.
880 4147 952 4228 Per.¹
1060 4185 1078 4212 ,-
1115 4201 1118 4208 ,

238 4254 313 4316 Item
334 4253 392 4315 alia
412 4251 520 4313 oratio:
1172 4240 1175 4247 ’

239 4352 447 4435 Omnipotens,
469 4351 647 4430 sempiterne
668 4347 759 4421 deus,
780 4343 927 4408 confitenti
944 4345 998 4408 tibi
1015 4347 1084 4408 huie
1100 4345 1209 4408 famulo
1226 4347 1277 4408 tuo

174 4453 212 4517 N.
233 4471 287 4532 pro
307 4457 358 4516 tua
378 4452 488 4533 pietate
509 4449 627 4528 peecata
647 4447 764 4522 relaxa,
790 4449 824 4509 ut
852 4463 910 4516 nou
935 4445 1004 4528 plus
1029 4446 1057 4506 ei
1079 4450 1183 4508 noceat
1208 4463 1277 4524 opn-
