3094 5100
728 339 799 418 175

272 533 446 600 Psatteri'um
468 535 482 598 l
504 555 557 617 pro
578 537 620 598 lii
649 537 751 600 diebus
772 541 802 598 et
824 537 884 602 XV
904 542 988 620 pater
1008 544 1115 602 noster.

270 637 345 698 item
372 655 425 716 pro
445 655 504 698 uno
525 637 572 698 die
593 638 677 699 ilibus
694 638 745 721 ¹²²)
771 640 885 702 vicibus
911 639 989 700 beati
1016 638 1194 702 immaculati
1222 641 1252 698 et
1273 637 1315 699 Vi

208 731 351 798 miserer'e
373 739 432 797 mei
454 737 526 798 deus
547 743 577 800 et
600 740 623 798 V
646 744 730 820 pater
751 743 850 800 noster
875 743 905 800 et
929 739 1018 802 LXX
1044 742 1124 803 vices
1150 741 1315 818 prosternet

211 855 243 898 se
264 839 293 896 in
315 840 393 898 terra
415 840 445 898 et
467 855 533 899 cum
556 841 715 902 intentione
736 841 814 901 dicat
834 844 919 920 pater
940 844 1054 913 noster,
1083 842 1126 900 sic
1150 839 1237 900 iaciat
1261 855 1315 917 pro

210 955 268 998 uno
288 936 345 996 die.

271 1034 303 1095 Si
325 1035 388 1095 vnit
409 1037 505 1096 minus
527 1036 651 1116 psaltere
669 1041 698 1098 et
719 1057 774 1100 non
794 1039 858 1100 ruit
878 1043 994 1118 patere,
1016 1039 1181 1115 prosternet
1202 1054 1235 1096 se
1256 1036 1315 1096 ire·

210 1138 337 1213 quenter
357 1135 384 1193 in
406 1138 536 1197 oratione
556 1138 670 1199 vicibus
691 1143 808 1200 centum
832 1143 861 1199 et
882 1140 975 1200 dicat:
997 1138 1138 1199 miserere
1160 1139 1219 1196 mei
1233 1137 1314 1198 deus

211 1238 242 1293 et
268 1233 382 1293 dimitte
410 1235 524 1295 domine
550 1237 653 1300 delicta
682 1258 766 1310 mea,
796 1239 850 1301 hoc
879 1239 965 1302 iaciat
993 1257 1044 1317 pro
1071 1255 1131 1298 uno
1159 1236 1215 1296 die.
1255 1232 1314 1308 Qui

210 1331 274 1392 ruit
302 1332 432 1394 confiteri
461 1340 578 1412 peccata
606 1357 677 1409 sua,
707 1358 774 1399 cum
803 1338 931 1401 lacrimis
962 1338 1064 1408 iaciat,
1098 1336 1167 1415 quia
1195 1334 1314 1396 lacrima

212 1423 325 1493 veniam
349 1451 404 1493 non
426 1435 572 1513 postulant
592 1438 643 1498 sed
666 1441 831 1508 merentur,
858 1441 939 1514 roget
961 1436 1183 1515 presbyterum,
1207 1438 1240 1494 ut
1262 1452 1314 1513 pro

210 1534 386 1592 comissam
409 1540 522 1609 cantet,
553 1540 606 1596 nisi
630 1540 687 1598 sint
714 1538 848 1615 capitalia
871 1539 1008 1609 crimina,
1036 1555 1110 1615 quas
1135 1534 1221 1593 debet
1246 1537 1314 1596 ante

211 1629 309 1691 lavare
330 1649 396 1691 cum
420 1634 554 1696 lacrimis.
592 1636 726 1698 Cantatio
747 1639 833 1698 unius
856 1639 945 1696 misse
966 1639 1062 1714 potest
1083 1635 1230 1694 redimere
1253 1632 1313 1695 Xll

211 1730 288 1808 dies,
311 1729 342 1791 X
359 1733 466 1794 missas
484 1735 523 1794 tv
541 1754 673 1808 menses,
695 1735 756 1795 XX
775 1736 865 1796 misse
886 1734 940 1795 Vll
960 1752 1091 1804 menses,
1114 1731 1208 1793 XXX
1223 1733 1314 1793 missa

211 1830 269 1890 Xti
291 1849 408 1893 menses
431 1839 551 1909 possunt
572 1836 733 1906 redimere,
755 1837 780 1895 si
801 1835 901 1894 volunt
923 1834 1113 1895 confessores.

271 1929 381 1990 Tamen
404 1937 567 2011 penitentes
593 1954 660 1996 cum
687 1935 816 1994 lacrimis
842 1936 929 2010 agant
952 1935 1097 1993 orationes
1120 1934 1149 1991 et
1171 1930 1225 1991 deo
1246 1949 1313 2008 gra-

210 2027 266 2092 tias
287 2029 415 2090 referant
436 2050 562 2111 semper.

271 2128 328 2189 Par
358 2129 548 2193 ebdomadam
578 2131 647 2194 CCC
677 2133 805 2212 psalmos
835 2131 977 2192 flectendo
1007 2148 1099 2207 genua
1130 2131 1158 2189 in
1190 2129 1313 2195 ecclesia

210 2230 307 2289 autem
330 2229 358 2287 in
379 2248 438 2290 nno
461 2231 523 2293 ioco
542 2236 626 2295 canet
643 2234 692 2309 qui
710 2235 815 2312 potest.
850 2230 909 2306 Qui
930 2231 1057 2312 psalmos
1080 2232 1170 2291 nescit
1192 2235 1221 2290 et
1238 2229 1313 2309 jeju-

210 2340 280 2386 nare
302 2345 356 2386 non
378 2332 488 2408 potest,
516 2335 657 2407 quantum
680 2334 771 2392 sumit
795 2335 916 2407 penset,
943 2330 1130 2392 medietatem
1153 2331 1262 2392 tribuat
1281 2332 1313 2390 tn

209 2427 403 2506 elemosynam.

693 2615 827 2683 XLVII.

558 2763 596 2812 De
614 2763 758 2824 praecipuis
776 2763 964 2813 festivitatibus.

270 2894 346 2955 istas
374 2896 546 2974 praecipuas
574 2897 748 2958 testivitates
776 2901 804 2958 in
832 2919 888 2961 uno
916 2918 1007 2970 anno,
1045 2900 1073 2959 id
1102 2904 1149 2960 est
1175 2902 1311 2964 nativitas

208 2995 332 3065 domini,
361 2999 462 3056 octava
485 2996 609 3067 domini,
637 2999 830 3076 theophania,
861 2997 1023 3077 purificatio
1044 3003 1161 3062 sanctae
1183 3000 1310 3074 Mariae,
1402 2999 1407 3018 “

209 3093 317 3170 pascha
339 3093 461 3165 domini,
483 3097 614 3174 ascensio
635 3096 760 3167 domini,
783 3102 967 3174 pentecoste,
993 3101 1129 3160 nativitas
1150 3102 1241 3163 sancti
1262 3101 1311 3162 Jo-

209 3192 311 3254 hannis
333 3193 498 3272 Baptistae,
526 3199 691 3258 sanctorum
718 3197 796 3257 Petri
825 3201 855 3258 et
880 3198 981 3272 Pauli,
1008 3202 1169 3277 assumptio
1193 3206 1310 3263 sanctae

209 3291 336 3366 Mariae,
360 3296 451 3355 sancti
473 3294 590 3367 talitha,
612 3299 706 3360 sancti
727 3297 861 3369 Martini,
883 3302 982 3361 sancte
1004 3299 1132 3362 Andree.

262 3548 325 3618 122)
343 3552 384 3602 ΙΙΙ
403 3552 502 3603 vicibus
521 3552 584 3603 cod.
603 3551 663 3604 151.
