3094 5100
678 303 746 380 131

219 499 252 564 Si
282 503 349 580 quis
378 500 559 576 monaebus,
598 519 688 580 quem
718 501 841 580 elegerit
868 503 1054 580 eonmegatio
1082 504 1113 564 in
1140 506 1263 583 gradum
1277 502 1319 568 30

156 602 327 683 presbiteri,
356 606 390 666 nt
416 603 567 666 ordinetur
593 603 654 675 eis,
682 621 739 666 non
760 602 848 666 debet
868 604 1023 666 demittere
1044 605 1173 683 priorem
1195 626 1265 670 onn-

158 705 356 768 versationem
378 721 480 777 sunm,
513 703 539 764 si
564 707 665 782 poster
692 703 828 766 inventus
857 707 903 766 est
924 704 1069 783 superbus
1093 706 1140 767 rel
1166 707 1266 768 inobe-

156 803 240 866 diens
260 803 308 868 uel
329 805 451 870 vitiosus
472 806 502 865 et
522 803 674 867 meliorem
695 803 838 882 maduum
860 803 989 884 pejorem
1014 806 1106 869 vitam
1131 809 1264 885 quaerit,

155 904 334 986 deponetur,
376 905 406 965 in
440 903 577 967 ultimum
611 902 708 966 lorum
743 907 802 970 stet
836 921 931 982 usque
965 904 1002 966 nd
1036 905 1265 978 satisfactionem

156 1004 325 1070 emendare.

219 1105 252 1168 Si
273 1105 338 1184 quis
359 1123 413 1184 per
433 1105 601 1168 temeritate
623 1103 750 1184 baptizat
770 1122 828 1166 non
849 1104 1013 1179 ordinatus,
1034 1105 1121 1168 bodio
1142 1106 1266 1170 abitien-
1279 1103 1319 1170 31

155 1207 213 1270 dus
233 1208 289 1266 est.
324 1203 383 1278 Qui
403 1207 503 1267 nutem
525 1222 581 1264 non
602 1202 746 1283 ignoranti
772 1205 879 1266 iterum
903 1203 1042 1283 baptizati
1066 1210 1153 1281 sunt,
1182 1211 1266 1286 quasi

154 1310 267 1370 iterum
290 1303 441 1368 Christum
468 1303 692 1376 erucifixerunt,
721 1305 871 1382 peniteant
892 1303 948 1366 Vll
970 1324 1078 1380 annos,
1105 1311 1210 1386 quartu
1236 1311 1266 1369 et

156 1410 241 1470 sexta
260 1404 352 1478 feria,
373 1406 403 1466 in
420 1404 515 1467 tribus
536 1405 773 1484 quadragiens,
795 1405 820 1466 si
841 1423 894 1484 pro
916 1406 987 1469 vitio
1008 1407 1097 1482 olioo;
1119 1410 1145 1470 si
1166 1411 1266 1472 autem

150 1525 211 1589 ,pro
231 1505 416 1579 munditiem,
437 1504 550 1567 licitum
571 1507 755 1584 putaverint,
777 1508 839 1566 tres
860 1523 951 1567 unnos
973 1508 1147 1585 poeniteant.

222 1604 254 1668 Si
281 1609 348 1685 quis
377 1604 494 1683 gentilis
523 1606 697 1668 elemosinas
726 1605 846 1679 lecerit,
881 1606 1056 1670 abstinentia
1087 1607 1208 1672 babebit
1237 1614 1268 1674 et
1281 1607 1322 1670 32

155 1709 230 1774 ullas
257 1725 378 1781 causas,
411 1725 489 1786 quae
516 1725 691 1772 enumerare
717 1725 773 1769 non
800 1724 974 1787 possumus,
1005 1709 1147 1786 numquid
1175 1729 1210 1774 ea
1238 1713 1267 1772 in

155 1808 334 1889 baptismate
354 1807 535 1887 perdederit,
561 1826 630 1872 nam
651 1807 759 1870 bonum
781 1806 891 1885 aliquid
912 1824 969 1868 non
990 1807 1104 1888 perdit,
1130 1809 1182 1872 sed
1203 1827 1268 1873 mn·

159 1910 223 1971 lum
245 1908 346 1970 abluit.

221 2008 254 2071 Si
282 2008 401 2072 viduam
429 2009 568 2089 acciperit
595 2011 663 2069 ante
691 2008 872 2087 baptismum
901 2025 956 2070 non
988 2009 1085 2089 potest
1114 2009 1266 2085 ordinere,
1280 2006 1322 2070 33

157 2110 235 2174 sinit
256 2111 363 2189 pigami
384 2127 510 2191 puerum
531 2126 588 2170 non
609 2109 677 2171 lieet
697 2108 823 2172 ordinari
845 2109 938 2172 XXV
958 2127 1058 2172 annos.

221 2208 253 2271 Si
274 2215 340 2288 quis
361 2211 568 2290 poenitentium
589 2208 707 2286 abnegit
727 2209 936 2282 morientibus,
965 2212 996 2270 et
1021 2208 1177 2289 presbyter
1197 2228 1268 2274 reus
1281 2208 1323 2274 et

157 2310 216 2372 erit
235 2312 416 2383 animarum,
438 2310 507 2388 quia
525 2308 660 2372 domiuus
677 2309 763 2372 dieite
790 2327 965 2389 quacunque
981 2310 1029 2371 die
1045 2313 1183 2389 peooator
1198 2327 1268 2372 eon·

156 2427 265 2474 versus
287 2410 393 2482 luerit,
421 2429 492 2472 vere
519 2411 599 2473 rivet
623 2413 654 2472 et
677 2429 733 2472 non
757 2411 909 2472 morietur.
952 2410 1032 2473 Vera
1058 2411 1211 2473 eonversio
1238 2412 1267 2474 in
1357 2492 1360 2496 ¹

157 2510 270 2574 ultimis
291 2510 471 2589 temporibus
492 2513 588 2592 potest
607 2527 690 2583 esse,
712 2513 781 2588 quia
802 2510 936 2574 dominus
959 2528 1015 2572 non
1036 2511 1131 2574 solum
1153 2514 1268 2589 tempo·

157 2611 242 2676 ribus
263 2614 408 2691 inspector
428 2616 491 2685 est,
519 2612 570 2674 sed
595 2610 708 2685 oordis,
736 2612 812 2674 siout
833 2611 908 2674 latro
929 2612 959 2671 in
979 2609 1053 2674 bore
1074 2611 1177 2674 ultima
1198 2629 1268 2674 eon·
1397 2637 1401 2644 ·

161 2711 288 2774 sessione
308 2714 396 2775 unius
415 2713 556 2774 momenti
575 2713 684 2774 meruit
705 2727 771 2774 esse
793 2713 822 2772 in
844 2710 988 2792 paradiso.

222 2810 440 2877 Confessionem
461 2831 548 2876 suam
568 2811 623 2875 deo
644 2812 712 2886 soli,
733 2813 897 2874 sineresse
915 2814 977 2887 est,
999 2812 1097 2874 licebit
1115 2829 1245 2890 agerere.
1278 2811 1321 2876 33

223 2912 254 2975 Si
278 2915 345 2996 quis
371 2914 434 2978 vult
458 2914 588 2978 conliteri
611 2915 732 2992 peecata
759 2931 814 2977 sua
840 2914 993 2993 episeopus
1018 2895 1075 2976 aut¹
1095 2913 1266 2994 presbyter,
1279 2912 1321 2976 36

158 3015 186 3076 si
211 3013 324 3078 lurtum
352 3013 493 3090 leniebat,
521 3014 608 3076 debet
632 3015 806 3088 restituere,
836 3017 866 3074 et
892 3013 1079 3078 reoonoiliore
1104 3032 1173 3076 oum
1199 3013 1266 3088 illo,

158 3134 250 3194 quem
271 3115 460 3190 ostendebat,
489 3119 519 3178 et
543 3114 670 3178 multum
695 3114 799 3194 probet
824 3115 1030 3196 poenitentiam
1051 3112 1131 3192 ejus,
1159 3115 1185 3176 si
1210 3133 1267 3176 non

158 3216 225 3281 uult
244 3219 295 3278 aut
315 3220 428 3302 potest,
451 3217 644 3284 constitutum
657 3209 780 3296 tempus
793 3216 948 3295 poeniteat
969 3231 1022 3296 per
1041 3217 1149 3279 omnin.

156 3351 181 3380 :.
221 3316 253 3382 Si
274 3319 346 3396 quis
361 3318 515 3396 episeopus
535 3315 745 3387 sutdiaoonus
766 3319 819 3377 ant
840 3315 958 3394 aliquis·
970 3315 1120 3380 ordinatus
1144 3316 1174 3376 in
1198 3333 1267 3378 eon·
1279 3313 1321 3376 37

159 3417 344 3480 suetudinem
362 3418 468 3479 vitium
488 3416 577 3480 babet
596 3417 761 3489 ebrietatis,
782 3419 834 3477 ant
854 3416 985 3491 desinat,
1007 3419 1058 3480 aut
1075 3415 1244 3496 deponatur.

221 3517 354 3582 Mulieris
375 3535 432 3580 non
454 3523 499 3580 est
520 3518 632 3581 licitum
651 3518 737 3582 alicui
756 3517 963 3598 poenitentiam
983 3517 1124 3590 indicere,
1145 3516 1214 3594 quia
1235 3517 1265 3577 in
1279 3514 1320 3580 38

160 3638 270 3682 canone
292 3619 404 3681 nullum
424 3618 537 3681 lioitum
559 3622 621 3692 est,
644 3620 708 3680 nisi·
721 3618 800 3680 solus
822 3616 1030 3682 sacerdotibus.

220 3719 354 3784 Mulieris
382 3737 439 3780 non
459 3719 567 3784 ¹velant
594 3719 685 3783 nitere
715 3736 784 3782 enm
814 3717 973 3796 corporali,
1006 3734 1060 3778 neo
1088 3714 1265 3780 oblationem
1279 3716 1322 3780 39

159 3821 380 3902 superalture,
408 3839 504 3900 neque
521 3819 663 3895 salicem,
692 3838 788 3899 neque
813 3819 888 3880 inter
912 3817 1062 3882 ordinatus
1088 3819 1118 3879 in
1142 3817 1265 3883 ecelesia

159 3925 254 3995 stent;
279 3937 376 3999 neque
397 3920 426 3981 in
447 3922 614 3984 conuiuium
635 3919 756 3983 sedeant
778 3921 853 3981 inter
874 3918 1058 3990 sacerdotes,
1084 3935 1137 3980 neo
1157 3919 1266 3982 mulier

158 4023 267 4086 menrit
287 4022 379 4086 velari
400 4021 494 4086 multo
514 4023 625 4100 magis,
645 4026 678 4085 ut
699 4039 756 4084 non
777 4021 966 4086 damnaretur
986 4021 1016 4081 in
1037 4018 1171 4085 eeclesia.

222 4124 300 4188 Puer
324 4123 385 4186 XV
406 4141 548 4187 annornm
571 4125 726 4206 seipsum
750 4125 847 4202 potest
872 4121 1047 4186 monachum
1069 4121 1183 4196 lacere,
1209 4118 1319 4204 pulo

159 4223 216 4285 ella
237 4227 267 4284 et
288 4224 360 4290 XVl
380 4225 428 4289 vel
450 4224 553 4300 XVll,
572 4226 648 4304 'quin
669 4229 735 4288 ante
756 4227 901 4304 potestate
921 4228 1074 4302 parentino
1097 4224 1145 4285 sit.

221 4326 366 4390 Monaobo
394 4344 451 4387 non
478 4326 546 4388 lieet
572 4329 675 4391 votum
702 4323 801 4386 faeere
831 4325 893 4386 sine
919 4324 1037 4390 lieentia
1064 4323 1190 4388 abbatis.
1230 4322 1263 4388 Si
1277 4319 1316 4386 s1

155 4429 274 4493 [nouerit
294 4428 353 4504 sio,
373 4427 563 4492 dimittendus
582 4431 644 4504 est,
666 4428 692 4490 si
708 4425 829 4508 jusserit
849 4423 973 4490 abbatis.

1020 4522 1064 4586 s·
