3094 5100
785 337 856 414 170

736 536 889 605 XXXlX.

671 669 710 719 De
734 669 841 718 diversis
865 669 958 720 causis.

328 793 359 856 Si
388 814 464 874 quae
487 774 528 856 de
555 797 745 870 mulieribus,
773 816 849 876 quae
875 797 1032 860 fornicatae
1058 801 1142 870 sunt,
1166 799 1383 876 interfecerit„
1484 789 1490 796 ⁸

264 914 341 972 quae
359 901 517 958 nascuntur
532 900 584 959 aut
600 896 718 959 festinat
735 897 881 958 abortivos
900 897 1009 970 lacere,
1031 899 1158 975 primum
1176 901 1368 962 constitutum

264 1013 359 1072 usque
387 996 423 1056 ad
452 999 564 1057 exitum
592 1001 684 1068 vetat.
731 998 762 1059 ld
792 996 867 1074 quod
895 1013 998 1057 verum
1030 995 1182 1058 definitum
1210 997 1365 1062 humanius

264 1095 372 1174 aliquid
394 1101 619 1172 consequantur.
1154 1149 1177 1160 ..

327 1194 537 1257 Censtituimus
567 1215 617 1257 eos
647 1197 776 1256 decennii
804 1200 936 1275 tempora
957 1190 1124 1256 'secundum
1155 1195 1262 1270 gradus
1289 1212 1359 1270 quae

265 1297 331 1354 sunt
359 1297 515 1356 constituta
543 1298 683 1374 penitere.
733 1295 765 1356 Si
794 1296 860 1374 quis
890 1295 1079 1374 sepulchrum
1110 1295 1279 1365 violaverit,
1309 1293 1363 1353 Vll

263 1410 354 1454 annos
375 1397 518 1472 peniteat.
545 1395 586 1457 lll
610 1397 637 1454 in
659 1413 734 1474 pane
756 1399 785 1456 et
806 1413 891 1472 aqua.

330 1491 361 1552 Si
390 1494 456 1569 quis
485 1493 624 1569 ligaturas
651 1494 770 1566 lecerit,
804 1493 880 1572 qnod
910 1494 1081 1555 detestabile
1108 1496 1170 1566 est,
1205 1492 1248 1554 Ill
1278 1509 1366 1553 annos

264 1592 393 1669 peniteat
415 1593 443 1650 in
464 1611 539 1671 pane
560 1597 590 1652 et
611 1613 697 1671 aqua.

328 1687 359 1748 Si
374 1691 447 1774 quis
468 1691 690 1754 manducaverit
711 1695 895 1754 morticinum
918 1699 969 1756 aut
990 1694 1074 1755 idolis
1096 1695 1297 1754 consecratum
1318 1691 1367 1752 vel

263 1789 461 1862 immolatum,
479 1790 593 1869 jejunet
614 1792 789 1855 ebdomadas
811 1792 880 1854 Xll.

325 1888 356 1950 Si
384 1891 449 1968 quis
478 1892 607 1969 quolibet
633 1892 799 1954 membrum
827 1893 882 1953 sibi
909 1892 1071 1955 voluntarie
1093 1892 1293 1962 truncaverit,
1324 1888 1367 1951 111

266 2007 357 2050 annos
379 1993 406 2048 in
429 2009 504 2068 pane
526 1995 556 2050 el
576 2009 650 2068 aqua
673 1994 811 2069 peniteat.

325 2087 356 2149 Si
377 2089 443 2165 quis
464 2108 601 2150 avorsum
623 2090 741 2163 iecerit,
766 2091 945 2152 voluntariae
965 2089 1098 2150 similiter
1119 2090 1256 2166 peniteat.

325 2187 356 2247 Si
378 2189 444 2263 quis
465 2208 571 2251 usuras
593 2191 797 2269 undecumque
821 2191 959 2268 exigerit,
992 2189 1034 2250 lll
1062 2206 1152 2250 annos
1180 2190 1309 2268 peniteat
1336 2189 1365 2250 in

262 2305 337 2366 pane
358 2290 388 2346 et
409 2306 494 2365 aqua,

326 2387 356 2446 Si
379 2389 446 2463 quis
467 2406 521 2466 per
541 2391 715 2467 potestatem
738 2390 788 2449 aut
809 2388 937 2466 quolibet
958 2389 1072 2464 ingenio
1092 2406 1140 2447 res
1159 2386 1269 2447 alienas
1288 2387 1366 2450 malo

262 2488 363 2548 ordine
384 2489 522 2548 invaserit
544 2488 591 2548 vel
612 2488 728 2559 tulerit,
754 2489 904 2565 superiore
925 2490 1068 2549 sententia
1090 2489 1219 2565 peniteat
1239 2490 1268 2546 et
1289 2488 1366 2547 mul·

263 2590 308 2648 tas
330 2587 513 2665 elemosynas
535 2586 631 2647 faciat.
968 2645 971 2651 .

325 2685 355 2746 Si
378 2687 443 2761 quis
464 2703 584 2745 servum
606 2690 656 2748 aut
683 2704 889 2764 quemcunque
916 2685 1064 2745 bominem
1093 2685 1222 2764 quolibet
1250 2688 1365 2764 ingenio

262 2786 291 2844 in
312 2787 510 2863 captivitatem
532 2785 662 2854 duxerit,
687 2787 763 2846 sicut
784 2803 872 2863 supra
895 2771 1046 2864 peniteat.¹

325 2883 355 2945 Si
378 2887 443 2961 quis
465 2903 564 2945 aream
586 2890 636 2948 ant
658 2885 778 2945 domum
804 2886 1004 2964 cujuscunque
1029 2886 1191 2948 voluntarie
1213 2887 1278 2964 igne
1300 2904 1366 2947 cre-

261 2986 403 3055 maverit,
430 2989 491 3045 tres
513 3002 605 3045 annos
627 2986 765 3064 peniteat.

323 3082 353 3141 Si
377 3083 442 3158 quis
463 3102 523 3162 per·
538 3085 610 3144 iram
632 3084 720 3146 alium
744 3086 922 3164 percusserit
947 3087 976 3143 et
998 3085 1166 3160 sanguinem
1186 3082 1295 3144 luderit
1315 3084 1380 3158 aut,

263 3179 472 3254 debilitaverit,
502 3181 596 3243 solvat
617 3187 643 3243 ei
664 3186 759 3262 primo
780 3184 945 3244 mercedem
969 3188 999 3243 et
1020 3183 1166 3243 medicum
1189 3187 1308 3262 querat,
1339 3184 1365 3242 si

261 3283 352 3343 laicus
373 3284 437 3355 est,
466 3281 522 3341 XL
544 3281 606 3342 dies
628 3285 757 3360 peniteat
778 3285 807 3342 in
828 3301 903 3359 pane
925 3288 955 3342 et
976 3301 1068 3361 aqna,
1097 3283 1223 3345 clericus
1243 3280 1270 3342 ll
1291 3299 1366 3358 qua-

261 3381 456 3458 dragesimas‚
478 3381 616 3443 diaconus
638 3383 694 3443 Vll
715 3401 849 3455 menses,
871 3382 1024 3461 presbyter
1045 3382 1058 3443 1
1082 3401 1200 3444 annum.

323 3482 354 3543 Si
376 3482 546 3542 titubaverit
567 3482 702 3542 sacerdos
723 3501 812 3562 snper
832 3484 991 3543 orationem
1014 3483 1201 3556 dominicam,
1225 3500 1301 3561 quae
1322 3482 1366 3542 di·

262 3583 338 3642 citur
360 3581 538 3660 periculosa,
564 3601 622 3642 nna
644 3584 708 3643 vice
731 3582 753 3643 C
774 3583 902 3660 psalmos
924 3584 1048 3644 secunda
1072 3581 1093 3642 C
1116 3583 1225 3662 plagas.

324 3681 355 3744 Si
383 3683 450 3759 quis
478 3680 607 3760 aliquem
637 3684 665 3742 in
695 3684 877 3761 expeditione
908 3683 1021 3760 publica
1051 3683 1189 3743 occiderit
1216 3682 1366 3743 bominem

262 3783 325 3841 sine
343 3799 430 3841 causa
444 3778 555 3858 jejunet
572 3781 748 3843 ebdomadas
768 3780 869 3842 XXll.
907 3779 937 3842 Si
956 3785 1054 3844 autem
1069 3781 1120 3864 ¹⁰⁸)
1139 3801 1172 3843 se
1187 3781 1367 3842 defendendo

261 3883 312 3944 aut
332 3886 467 3959 parentes
487 3898 555 3940 suos
573 3883 624 3940 aut
642 3880 750 3943 lamilia
771 3881 924 3942 occidisset
942 3881 1050 3957 aliquid
1071 3899 1126 3941 non
1146 3883 1203 3941 erit
1222 3881 1269 3941 ille
1286 3897 1366 3952 reus,

262 3981 286 4042 si
315 3981 441 4042 voluerit
464 3978 612 4058 jejunare,
643 3983 671 4040 in
700 3981 777 4042 illius
805 3985 950 4062 potestate
978 3986 1039 4054 est,
1068 3983 1136 4059 quia
1165 3985 1284 4042 coactus
1310 3979 1367 4040 hoc

263 4081 331 4143 lecit
354 4079 551 4141 homicidium.

325 4179 356 4240 Si
384 4182 450 4258 quis
478 4181 514 4242 ad
543 4181 732 4260 penitentiam
761 4183 843 4241 venit
871 4188 902 4242 et
930 4183 1063 4258 egritudo
1091 4183 1223 4246 evenerit
1251 4183 1281 4241 et
1308 4199 1366 4241 non

263 4282 389 4362 potuerit
405 4280 541 4359 implere,
563 4280 639 4358 quod
656 4281 696 4342 illi
714 4283 884 4347 mandatum
897 4279 948 4364 ¹⁰⁹)
967 4302 984 4346 a
1001 4284 1168 4356 sacerdote,
1190 4281 1368 4360 suscipiatur

318 4441 381 4498 108)
400 4439 463 4491 Cod.
483 4441 534 4490 llll
554 4439 640 4490 addit:
665 4441 778 4493 lorsltan.

318 4526 379 4588 109)
399 4525 460 4577 cod.
479 4526 529 4576 llll
549 4526 636 4577 addlt:
657 4533 704 4580 cst
