3108 5098
773 323 824 398 84

242 520 365 599 gallinae
383 521 554 597 sanguinem
573 521 740 594 comedent,
763 540 818 584 non
839 519 1015 600 abjiciendos
1034 539 1099 582 esse
1118 523 1274 594 oredimus,
1297 524 1350 585 sod

242 621 475 693 manducentur3
501 623 687 681 tamencum
709 622 771 683 sale
790 621 940 682 benedicto
962 621 1083 683 saliatur
1101 639 1169 682 caro
1186 639 1298 694 eorum,
1319 625 1351 683 et

242 723 413 800 aspergatur
436 737 513 798 aqua
535 719 772 780 sanctificationis
785 718 815 801 ¹).
862 725 890 792 §.
912 722 962 782 20.
993 719 1024 781 Si
1045 739 1152 800 porous
1172 721 1220 783 vel
1243 721 1348 798 gallina

241 820 461 882 manducaverit
489 819 524 878 de
553 837 674 898 corpore
706 819 872 891 bominum,
904 821 960 880 non
987 817 1219 892 manducentur,
1251 807 1368 899 neque

182 935 186 952 '
242 918 456 980 serventur-ad
475 936 595 990 semen,
618 919 668 978 sed
689 919 873 992 occidantur,
896 923 925 980 et
946 920 1067 980 canibus
1089 920 1250 982 tradantur.
1289 919 1349 980 Alii

241 1017 351 1088 dicunt,
374 1018 451 1093 quod
469 1018 555 1080 liceat
574 1035 624 1077 eos
643 1018 819 1080 manducare
839 1022 991 1097 postquam
1010 1022 1213 1108 moderantum
1236 1023 1265 1078 et
1284 1025 1351 1098 post

241 1119 309 1178 anni
328 1117 479 1178 oiroulum.
525 1122 553 1189 §.
573 1119 624 1179 21.
652 1118 796 1182 Animalia
817 1121 894 1179 ooitu
915 1119 1066 1180 bominum
1087 1119 1194 1199 polluta
1214 1119 1350 1181 occidan-

241 1221 306 1289 tur,
339 1221 369 1282 et
393 1235 479 1277 nemo
503 1217 658 1280 manducet
683 1219 718 1278 do
741 1208 815 1278 laeto
836 1220 919 1298 ejus,
949 1202 1110 1296 carnesque
1136 1219 1200 1297 ejus
1226 1219 1349 1282 oanibua

241 1315 443 1397 projiciantur3
465 1318 553 1398 adeps
570 1337 640 1378 vero
658 1317 721 1396 ejus
736 1320 869 1380 mittatur
887 1320 914 1377 in
932 1320 1028 1379 causis
1046 1319 1227 1389 necessariis,
1248 1321 1348 1380 tamen

242 1418 353 1478 corium
371 1422 531 1478 assumant.
563 1417 618 1479 Ubi
636 1423 735 1481 autem
754 1417 874 1478 dubium
893 1423 949 1490 est,
969 1437 1024 1494 non
1044 1418 1220 1488 occidantur.
1252 1424 1280 1491 §-
1295 1418 1347 1478 22.

241 1513 301 1589 Qui
322 1517 448 1576 eomedit
468 1517 514 1579 vel
535 1517 609 1577 bibit
628 1519 780 1578 intinctum
802 1536 818 1578 a
839 1516 974 1578 familiari
995 1517 1104 1589 bestia,
1133 1517 1161 1577 id
1182 1520 1245 1590 est,
1274 1537 1349 1580 eane

246 1617 276 1676 ot
298 1619 391 1687 catto,
420 1618 538 1686 eiecit,
564 1617 594 1679 C.
617 1617 746 1695 psalmos
769 1615 917 1696 oantet²)‚
940 1618 985 1680 vel
1005 1618 1043 1678 ll.
1065 1615 1127 1678 dies
1151 1615 1271 1695 jejunet.
1315 1617 1348 1678 Si

241 1717 351 1786 nescit,
373 1716 408 1776 L.
428 1716 570 1795 psalmos,
592 1717 638 1777 vel
659 1717 682 1776 Ι.
704 1717 781 1776 diem
800 1714 929 1794 jejunetl
973 1721 1001 1788 b.
1022 1717 1072 1778 23.
1095 1716 1127 1777 Si
1149 1718 1215 1794 quis
1234 1716 1348 1778 dederit

241 1815 326 1877 alicui
346 1815 487 1892 liquorem
509 1818 537 1876 in
556 1835 614 1894 quo
632 1835 698 1877 mus
717 1816 763 1877 vel
783 1817 909 1877 mustela
928 1821 1042 1878 mortua
1059 1817 1256 1887 inveniuntur,
1278 1834 1347 1877 sae·

241 1915 356 1976 oulares
374 1913 437 1975 Vll.
458 1915 520 1976 dies
539 1917 719 1994 poeniteant,
742 1916 838 1976 elerici
857 1915 939 1977 CCC.
960 1917 1071 1995 palmos
1084 1914 1107 1997 3)
1132 1919 1257 1978 cantent.
1287 1913 1348 1989 Qui

240 2017 354 2078 noverit
374 2018 475 2093 postea
493 2015 568 2091 quod
591 2016 648 2075 tale
668 2019 769 2094 potum
786 2015 899 2086 biberit,
917 2019 941 2076 si
960 2016 1083 2076 olerious
1102 2019 1157 2088 est,
1173 2015 1348 2096 psalterium

241 2117 359 2183 oanlet;
389 2114 413 2172 si
436 2114 527 2174 laions
551 2118 610 2185 est,
639 2115 691 2174 ΙΙΙ.
711 2115 773 2174 dies
791 2113 919 2192 jejunet,
948 2133 1042 2192 usqne
1066 2116 1103 2174 ad
1126 2134 1248 2188 nonam,
1277 2121 1349 2181 eta

242 2216 312 2292 potu
338 2210 491 2294 abstineat.
537 2218 564 2284 §.
588 2213 638 2274 2l.
667 2213 697 2273 Si
723 2215 790 2291 quis
817 2215 1006 2276 semicoctum
1035 2214 1193 2275 comederit
1221 2216 1348 2289 inscius,

240 2312 293 2374 111.
314 2312 375 2372 dies
391 2311 523 2390 jejunet,
546 2312 591 2373 vel
614 2313 783 2391 psalterium
803 2316 918 2386 cantet3
947 2315 1180 2387 somniantem,
1203 2315 1266 2375 Vll.
1284 2316 1350 2376 dies

241 2412 397 2489 poeniteat.
442 2415 470 2482 ς.
490 2409 539 2470 25.
570 2411 685 2488 Siquis
707 2430 776 2471 casu
799 2413 936 2472 inmunda
957 2432 1046 2474 manu
1068 2414 1175 2491 cybum
1198 2415 1290 2490 tangit
1303 2413 1348 2496 ⁴),

240 2529 297 2570 non
325 2506 454 2588 nocet⁵).
499 2514 526 2581 §.
545 2511 596 2572 26.
627 2510 658 2570 Si
678 2512 744 2586 quis
766 2513 891 2571 scienter
912 2515 1031 2573 tinxerit
1053 2531 1173 2574 uranum
1196 2517 1224 2574 in
1248 2517 1348 2593 aliquo

94 2699 97 2706 Ι
202 2649 214 2658 .
240 2609 314 2688 oybo
333 2609 441 2687 liquido
453 2607 493 2690 θ),
516 2609 547 2671 C.
565 2610 716 2688 psalmatis
738 2611 921 2672 emundetur.
965 2619 992 2686 §.
1014 2614 1065 2679 27.
1088 2612 1146 2688 Qui
1175 2617 1349 2692 sanguinem

240 2711 389 2789 proprium
410 2711 518 2770 insoius
537 2727 605 2769 oum
625 2709 715 2771 saliva
735 2709 848 2782 sorbet,
870 2729 927 2772 nou
947 2713 974 2770 ei
996 2718 1104 2791 nooet;v
1119 2716 1144 2774 si
1163 2719 1263 2776 autem
1282 2715 1348 2788 soit,

241 2810 448 2890 poenitentiam
471 2811 557 2884 agat,
581 2807 666 2885 juxta
685 2808 805 2869 moduni
825 2810 999 2889 pollutionis.
1044 2819 1071 2885 §.
1093 2814 1144 2875 28.
1166 2813 1196 2874 Si
1218 2833 1276 2892 qua
1295 2814 1349 2873 be·

240 2910 295 2968 otia
314 2909 441 2985 aliquam
461 2907 583 2968 bestiam
603 2909 750 2981 occiderit,
774 2927 829 2968 non
849 2910 1034 2984 comedatur3
1057 2915 1106 2991 qui
1128 2917 1227 2975 autem
1249 2929 1350 2975 eomo-

240 3006 331 3078 derit,
357 3007 534 3067 ebdomadas
557 3006 592 3067 ll.
611 3007 742 3086 jejunet,
767 3011 862 3086 usque
885 3009 922 3069 ad
943 3029 1049 3072 nonam
1063 3008 1097 3094 ⁷).
1142 3017 1169 3083 δ.
1189 3013 1240 3075 29.
1262 3012 1349 3087 Quod

240 3107 381 3182 sanguine
401 3107 447 3166 vel
468 3125 642 3184 quoeunque
661 3106 801 3167 inmundo
819 3107 972 3185 polluitur,
995 3111 1019 3170 si
1043 3113 1134 3172 nescit
1156 3115 1206 3190 qui
1224 3114 1349 3175 mandu-

240 3210 305 3278 oat,
335 3206 405 3266 nibil
428 3209 490 3278 eat3
521 3207 545 3266 si
568 3209 667 3267 autem
692 3208 762 3280 soit,
789 3204 869 3284 juxta
892 3209 1010 3270 modum
1036 3211 1217 3290 pollutionis,
1246 3215 1350 3293 poeni·

239 3327 543 3346 ,.—..............

313 3375 338 3436 1)
359 3374 384 3424 Si
405 3386 467 3422 orsu
486 3373 553 3436 porei
572 3386 674 3424 carnem
693 3375 886 3426 morticinorum
905 3383 948 3427 ant
966 3379 1116 3440 sanguinem
1134 3381 1247 3433 hominis
1262 3395 1349 3434 como·

240 3460 315 3518 dent,
339 3473 390 3513 non
410 3460 567 3520 abjiciendos
586 3462 728 3520 oredimus,
752 3475 800 3512 neo
818 3463 939 3525 gallinas3
966 3477 1025 3526 ergo
1043 3468 1113 3528 porei
1132 3470 1177 3530 qui
1195 3470 1349 3531 sanguinem

240 3547 354 3598 bominis
379 3555 482 3612 gustant
507 3549 701 3600 manducentur.
745 3550 795 3599 Sed
821 3551 865 3612 qui
892 3552 998 3602 cadaver
1023 3561 1182 3604 mortuorum
1207 3557 1349 3610 lacerantes

240 3636 471 3691 manducaverunt,
498 3648 601 3686 earnem
627 3649 716 3687 eornm
741 3637 896 3687 manducare
920 3650 971 3688 non
997 3639 1072 3697 licet,
1099 3643 1244 3704 usquedum
1262 3655 1349 3695 mace-

240 3730 340 3782 rentur,
360 3725 390 3773 N.

309 3810 336 3872 2)
366 3811 393 3860 Si
420 3811 518 3869 nescit,
545 3811 579 3860 ll.
605 3810 660 3860 dios
681 3810 797 3872 ieiunet,
826 3803 910 3862 vel'si
938 3813 1063 3864 redimere
1088 3816 1155 3874 rull,
1180 3815 1209 3867 L.
1234 3817 1347 3880 psalmos

239 3903 331 3949 santet.
351 3898 380 3948 Ρ.

312 3985 337 4045 3)
358 3983 411 4038 GC.
424 3985 532 4046 Regino.

309 4071 336 4130 t)
355 4072 402 4122 Vel
422 4071 507 4127 oanis.
531 4073 569 4122 vel
588 4072 678 4135 pulex,
704 4084 780 4130 mus,
801 4080 850 4124 aut
866 4073 961 4124 animal
980 4073 1135 4127 inmundum
1154 4075 1224 4138 quod
1243 4079 1346 4142 sanqui-

238 4171 298 4210 nem
317 4159 384 4215 adit.
404 4160 434 4208 N.
455 4159 515 4210 add.

309 4246 335 4308 a)
355 4246 388 4295 Et
406 4242 449 4307 qni
471 4258 516 4307 pro
536 4245 688 4295 necessitato
706 4246 845 4298 manducat
862 4247 957 4299 animal
976 4249 1045 4313 quod
1063 4248 1219 4302 inmundum
1237 4251 1344 4310 ridetur,

237 4332 278 4384 vol
296 4343 370 4384 avom
389 4333 428 4381 vol
447 4331 575 4388 beatiam,
593 4342 645 4382 non
664 4340 746 4384 nocet.
766 4336 798 4386 N.
817 4334 877 4386 add.

309 4419 336 4480 d)
355 4417 389 4468 Et
406 4429 459 4468 non
476 4418 569 4470 idonea
586 4431 679 4474 manu.
700 4420 727 4471 G.
748 4422 882 4484 psalmatis
900 4423 928 4475 Ρ.

307 4505 334 4568 'll
357 4505 513 4569 &naamam
530 4504 628 4556 inscius
646 4506 750 4559 sorbere
767 4521 827 4559 oum
846 4509 926 4562 sabra
943 4522 995 4564 non
1014 4515 1053 4562 ost
1070 4515 1214 4575 metatum.
1233 4512 1265 4564 ll.
1284 4511 1344 4572 odd.
