3094 5100
817 346 889 428 102

239 593 242 599 ·
296 524 402 632 judicia
419 551 479 613 ista
500 547 547 614 alii
568 547 720 628 usurpare·
734 545 897 628 debent¹).·
919 535 1127 628 Unusquisque
1148 535 1247 612 autern
1268 547 1407 611 sacerdos

299 650 429 712 studiose
455 649 561 726 cogitet
587 649 624 723 de
652 647 864 710 medicamento
888 649 1069 726 animarum,
1099 649 1243 727 quomodo
1266 661 1353 710 suam
1378 649 1408 708 et

298 752 422 812 aliorum
443 739 554 816 enimes
576 736 689 810 salrare
710 747 827 827 valeat,-
850 749 879 832 iu
901 747 1075 821 erudiendo,
1097 735 1279 810 inducendo
1298 765 1407 810 sanum

298 867 482 922 sermonem
504 851 572 927 quia
594 850 643 925 qui
662 847 738 908 bene
759 848 918 920 ministrat,
941 846 1049 908 bonnm
1069 847 1263 924 gradum-sibi
1277 841 1409 926 adquirit

298 951 381 1032 apud*
400 951 478 1026 Eum
508 950 558 1030 qui
587 952 632 1009 est
659 963 747 1028 super
772 948 883 1022 omnia,
930 941 1209 1030 Deus'benedictus
1232 950 1260 1008 in
1287 947 1408 1009 saecula

297 1050 499 1132 saeculorum.v
513 1051 618 1111 Amen.
679 1048 683 1068 ¹
1192 1047 1194 1054 '

296 1221 443 1289 xlllx.
471 1235 565 1298 ouon
583 1221 686 1285 nonu
704 1233 758 1284 srr
775 1231 909 1286 unsrun
926 1229 1408 1292 normannus-nunumnon.

360 1355 437 1428 Vera
460 1371 530 1432 ergo
551 1352 587 1433 ad
602 1353 698 1414 Deum
723 1355 874 1416 conversio
886 1355 926 1414 in
936 1355 1046 1415 ultimis
1061 1341 1223 1432 positorum
1238 1347 1338 1413 merite
1354 1372 1408 1432 po-

297 1457 355 1518 tius
377 1459 422 1517 est
443 1455 602 1517 estimanda
624 1466 711 1534 quam
728 1459 877 1535 tempore,
899 1453 1041 1534 propheta
1055 1453 1110 1514 hoc
1126 1454 1223 1516 taliter
1237 1457 1406 1516 asserente:

240 1621 242 1624 ¹
298 1553 359 1614 «ln
390 1567 576 1634 quacumque
605 1556 653 1616 die
680 1561 816 1636 peccator
846 1573 1005 1618 conversus
1032 1554 1121 1616 suerit
1148 1553 1405 1630 ingemuitque,

296 1655 396 1718 salvus
417 1658 510 1716 erit».
554 1655 593 1716 Et
613 1655 798 1732 evangelicus
821 1673 918 1715 sermo
933 1654 1020 1714 dicit:
1043 1651 1215 1713 «Gaudium
1233 1655 1279 1712 est
1292 1653 1406 1728 augelis

296 1754 352 1817 Dei
376 1775 465 1836 super
488 1774 546 1817 uno
568 1755 765 1836 peccatore»,
795 1759 824 1815 et
847 1753 969 1830 reliqua.
1013 1753 1178 1830 Cnm‘ergo
1201 1749 1344 1812 Dominus
1366 1755 1406 1812 sit

297 1849 391 1916 cordis
413 1857 558 1935 inspector
581 1856 685 1934 quovis
709 1858 855 1933 tempore,
886 1872 942 1914 non
968 1859 1012 1914 est
1035 1852 1202 1930 deneganda
1226 1851 1406 1930 poenitentia

295 1955 471 2032 postulanti,
497 1973 564 2015 cum
586 1939 627 2013 illi
648 1971 680 2014 se
701 1952 808 2032 obliget
826 1951 933 2031 judici,
962 1953 1010 2014 cui
1032 1952 1146 2013 occulta
1167 1952 1263 2012 omnia
1288 1953 1405 2012 noverit

296 2049 429 2114 revelari.
477 2051 619 2113 Dominus
645 2053 741 2124 enim,
769 2071 822 2137 per¹
846 2050 982 2113 Ezechiel
1008 2050 1202 2130 Prophetain,
1232 2037 1300 2115 cum
1323 2048 1405 2128 jure·

293 2149 418 2230 jurando
440 2153 589 2232 promisit,
610 2151 726 2212 dicens:
760 2151 863 2214 «Vivo
884 2169 952 2228 ego,
981 2151 1046 2210 nolo
1060 2137 1195 2211 ‘mortem
1219 2151 1404 2229 peccatoris,

296 2252 347 2313 sed
368 2253 462 2327 magis
477 2233 511 2338 ut
527 2253 713 2312 convertatur
727 2254 757 2310 et
772 2252 889 2313 vivat».
933 2250 1008 2312 ltem
1024 2250 1110 2312 dicit:
1135 2248 1193 2311 «Si
1209 2251 1317 2327 impius
1334 2267 1405 2326 ege·

296 2352 335 2412 rit
354 2351 561 2431 poenitentiam
581 2350 618 2412 ab
639 2349 775 2410 omnibus
797 2350 924 2427 peccatis
943 2349 1020 2422 suis,
1042 2353 1072 2410 et
1092 2348 1196 2410 lecerit
1212 2348 1358 2427 judicium
1375 2353 1406 2409 et

293 2449 455 2529 justitiam,
482 2451 542 2512 vita
564 2450 645 2512 rivet
667 2453 696 2510 et
723 2468 779 2510 non
803 2449 944 2510 morietur
953 2471 981 2505 a.
1025 2448 1093 2510 Heu
1118 2466 1208 2527 quam
1233 2445 1407 2510 terribiliter

296 2552 403 2636 iterum
424 2550 512 2613 dicite
535 2549 585 2610 «Si
608 2541 748 2611 arerterit
768 2566 800 2608 se
820 2547 918 2627 justus
939 2569 956 2610 a
967 2546 1079 2626 justitia
1094 2567 1158 2621 sua,
1180 2550 1209 2607 et
1227 2545 1330 2623 lecerit
1350 2546 1407 2607 ini-

296 2651 457 2728 quitatem,
485 2667 588 2710 omnes
608 2647 741 2725 iustitiae
763 2646 827 2726 ejus
851 2666 925 2725 quas
946 2646 1057 2709 iecerat
1078 2667 1134 2708 non
1154 2646 1405 2722 recordabuntur3

296 2749 325 2811 in
347 2753 467 2832 peccato
490 2750 568 2810 enim
593 2766 646 2808 suo
670 2733 920 2827 quod-peccavit,
942 2748 971 2806 in
988 2748 1051 2827 ipso
1064 2749 1207 2834 morietur
1217 2770 1246 2806 »·.
1289 2743 1406 2809 Unum-

296 2831 445 2928 quemque
468 2834 544 2910 enim
566 2846 647 2908 Deus
669 2846 705 2906 de
726 2866 780 2908 suo
794 2846 869 2918 line,
900 2866 956 2907 non
980 2847 1016 2908 de
1039 2849 1099 2910 vita
1123 2849 1297 2928 praeterita,
1324 2834 1406 2926 judi-

296 2953 362 3021 cat3
383 2968 439 3032 non
462 2949 540 3028 enim
561 2946 765 3028 inchoantibus
788 2949 950 3034 praemium
972 2949 1169 3027 promittitur,
1191 2947 1243 3008 sed
1263 2963 1408 3026 perseve-

295 3043 428 3110 rantibus
450 3049 542 3111 datur.
586 3045 669 3108 Nunc
692 3033 780 3122 igitur
791 3037 891 3108 'simus
905 3037 1035 3107 melioris
1049 3047 1159 3108 consilii
1175 3033 1404 3127 nobismetipsis,

297 3148 485 3208 adtendentes
508 3145 576 3207 illud
596 3144 797 3225 propheticum
818 3145 930 3209 lsalaer
955 3147 1151 3220 «Lavamini,
1173 3148 1273 3210 mundi
1296 3149 1403 3221 estote,

296 3247 408 3310 auferte
431 3245 572 3311 malitiam
596 3245 632 3307 de
655 3243 790 3309 cordibus
812 3248 943 3321 vestris3,
969 3249 1110 3324 quiescite
1133 3263 1220 3324 agere
1243 3264 1404 3326 perverse,

296 3341 399 3408 discite
422 3333 497 3407 bene
523 3345 641 3420 lacere;
671 3351 700 3407 et
725 3346 883 3408 siluerint
907 3349 1026 3425 peccata
1050 3350 1149 3410 vestra
1174 3350 1207 3409 ut
1232 3349 1404 3422 coccinum,

296 3448 380 3526 quasi
401 3447 451 3534 nix
474 3444 724 3508 dealbabuntur».
767 3446 958 3507 Ambulemus
981 3449 1087 3524 igitur,
1114 3446 1240 3516 iratres,
1262 3447 1333 3507 dum
1356 3447 1405 3508 lu·

296 3566 359 3610 cem
382 3546 543 3619 habemns,
568 3565 605 3606 ne
626 3564 679 3606 uos
701 3545 838 3608 tenebrae
861 3543 1126 3625 comprehendant;
1155 3565 1208 3608 nec
1229 3546 1404 3608 differamus

296 3648 332 3710 de
353 3649 399 3710 die
419 3649 448 3706 in
464 3647 557 3719 diem,
580 3645 651 3708 dum
666 3646 814 3707 nescimus
830 3646 856 3706 si
869 3645 917 3709 vel
931 3648 1018 3708 unius
1031 3645 1088 3706 diei
1103 3647 1231 3726 spatium
1245 3645 1403 3710 habemus.

297 3739 314 3803 ἐξ
322 3747 379 3822 Qui
401 3748 534 3825 sequitur
555 3763 604 3806 me
613 3769 647 3818 s,
670 3744 770 3822 inquid
784 3745 946 3817 Dominus,
970 3769 986 3803 ι(
1000 3763 1055 3807 non
1071 3746 1203 3809 ambulat
1218 3748 1246 3807 in
1261 3745 1402 3820 tenebris,

296 3847 348 3909 sed
371 3845 489 3908 babebit
511 3845 609 3907 lumen
629 3847 746 3909 vitae».
789 3843 866 3908 Satis
887 3848 987 3924 itaque
1006 3845 1118 3908 alienus
1143 3865 1161 3908 a
1183 3843 1242 3906 fide
1264 3850 1325 3921 est,
1349 3849 1402 3926 qui

296 3933 331 4010 ad
352 3946 496 4023 agendam
518 3948 726 4026 poenitentiam
750 3949 883 4027 tempora
905 3945 1063 4008 senectutis
1084 3949 1235 4026 expectat3
1263 3949 1404 4007 metuen-

295 4043 364 4108 dum
381 4051 426 4108 est
440 4067 496 4120 ne,
519 4046 589 4108 dum
604 4050 703 4126 sperat
717 4047 965 4120 misericordiam,
989 4047 1095 4108 incidat
1109 4049 1137 4107 in
1153 4051 1288 4108 mortem.
1317 4047 1403 4108 Salo-

295 4165 362 4207 mon
385 4149 463 4207 euim
486 4146 574 4207 dicit:
597 4145 699 4223 «Spes
720 4164 796 4224 quae
815 4145 948 4208 differtur
967 4145 1068 4224 affligit
1082 4148 1247 4210 animam».
1290 4145 1330 4207 lit
1345 4147 1402 4208 lsi·

295 4243 384 4307 dorus
405 4245 494 4306 dicit:
516 4241 602 4318 «Qui
626 4242 702 4308 mala
724 4262 811 4322 agere
832 4263 887 4306 non
908 4245 1069 4320 desistunt,
1089 4265 1166 4309 rana
1180 4265 1232 4327 spe
1245 4246 1402 4324 indulgen·

303 4427 306 4434 ¹
366 4454 392 4519 1)
410 4452 437 4508 Si
461 4460 547 4505 autem
570 4453 710 4505 necessitas
735 4451 861 4514 evenerit,
888 4460 917 4504 ut
943 4417 1074 4518 presbiter
1097 4466 1150 4507 non
1168 4453 1244 4508 tuerit
1262 4463 1400 4518 praesens,

296 4541 420 4593 dlaconus
438 4540 545 4605 accipiat
562 4541 733 4606 poenitentem
753 4540 786 4592 ad
805 4541 1013 4594 communionem
1031 4549 1156 4595 motam.
1173 4542 1204 4595 Ρ.
1222 4541 1281 4594 add.
