3108 5098
200 528 268 586 Vl·
304 529 404 589 trun,
423 531 472 586 Ex
490 531 651 586 GONGlblO
666 529 940 592 capranicensi,
958 533 1004 584 lte
1022 531 1146 586 necuit
1164 534 1219 586 RE.
1257 563 1264 575 ·

221 649 361 710 Aurelius
389 653 561 728 aepiscopus
589 651 675 711 dixit:
709 649 768 711 «Si
790 653 946 729 quisquam
968 652 997 711 in
1024 651 1152 729 periculo
1173 651 1264 714 luerit

158 750 352 822 constitutus,
380 753 409 809 et
431 769 463 810 se
484 751 662 813 reconciliari
684 753 789 812 divinis
811 751 950 812 altaribus
972 753 1103 829 petierit,
1136 753 1160 812 si
1182 755 1262 828 aepi-

159 865 266 925 scopus
294 848 400 910 absens
429 851 531 920 luerit,
560 851 648 910 debet
668 855 771 928 utique
794 849 1109 928 presbiter·consulere
1131 855 1262 930 aepisco-

159 964 249 1026 pum,
278 951 308 1008 ei
336 951 379 1010 sic
408 951 618 1026 periclitantem
642 949 704 1028 ejus
727 955 882 1030 praecepta
905 953 1138 1026 reconciliare»;
1171 971 1261 1032 quam
1293 965 1308 988 ·

158 1067 221 1109 rem
244 1047 384 1110 debemus
405 1051 513 1112 salubri
537 1051 655 1112 consilio
676 1053 823 1115 roborare.
861 1053 907 1113 Ab
929 1053 1073 1114 universis
1100 1053 1261 1130 aepiscopis
1322 1104 1327 1116 .

158 1149 268 1208 dictum
295 1153 358 1208 est:
393 1151 518 1211 «Placet
546 1151 624 1230 quod
654 1155 791 1214 sanctitas
818 1157 918 1215 vestra
947 1153 1110 1216 necessaria
1139 1170 1189 1212 nos
1217 1153 1262 1211 ina

138 1251 276 1346 *struere
297 1247 412 1326 dignata
436 1253 511 1310 est».

331 1409 419 1464 vu.
456 1410 544 1463 ITEM
562 1412 607 1464 DE
629 1409 855 1465 carlmannus
875 1411 1086 1465 cultricibus·

220 1524 361 1605 Capitalia
384 1529 472 1605 igitur
493 1531 615 1590 crimina
637 1533 743 1592 iterum
765 1532 925 1592 secundum
947 1549 1071 1592 canones
1092 1529 1261 1609 explicaboc

159 1625 191 1686 ld
209 1630 269 1698 est,
290 1626 451 1706 Superbia,
475 1628 556 1692 Vana
576 1628 691 1703 Gloria,
713 1631 840 1703 Invidia,
864 1633 927 1704 lra,
948 1632 1096 1703 Tristitia,
1119 1632 1261 1702 Avaritia,

157 1723 250 1799 Gula,
271 1725 412 1790 Luxuria.
455 1730 512 1791 Pro
533 1731 598 1792 istis
617 1734 715 1808 itaque
735 1731 798 1791 fleri
816 1735 931 1810 oportet
950 1732 1126 1811 poenitentia
1144 1747 1259 1807 magna.

422 1887 591 1954 illeilllllll
610 1890 742 1958 libitia
760 1889 997 1956 Ptilllllllllll.
1037 1961 1041 1970 ,

500 2009 610 2064 vm.
647 2007 704 2078 (uu
724 2007 913 2072 susannis.)

219 2103 361 2164 Dominus
381 2106 410 2164 in
430 2105 589 2182 Evangelio
608 2104 692 2164 dicit:
727 2103 856 2166 «Omnis
876 2105 925 2182 qui
945 2121 978 2166 se
997 2104 1106 2166 exaltat
1124 2104 1261 2170 humilia·

155 2204 235 2266 bitur
244 2222 279 2276 »3
308 2203 372 2264 ideo
393 2222 515 2264 neeesse
535 2207 596 2276 est,
626 2207 659 2264 ut
678 2203 823 2282 superbus
841 2205 985 2266 veraciter
1003 2223 1036 2266 se
1056 2205 1207 2278 humiliet,
1231 2209 1261 2266 et

157 2308 217 2366 tres
239 2321 330 2366 annos
351 2305 507 2382 poeniteat.

493 2463 560 2518 lx.
598 2464 643 2514 DE
662 2461 760 2514 inani
779 2463 920 2518 Gtonln.

219 2583 377 2665 Apostolus
393 2581 528 2662 prohibet
543 2582 658 2644 dicens:
682 2583 797 2644 «Nolite
814 2584 889 2644 effici
905 2584 998 2646 inanis
1013 2583 1110 2661 gloria
1127 2584 1259 2662 cupidi»;

156 2687 222 2746 ideo
251 2686 301 2762 qui
328 2685 356 2744 in
386 2685 448 2744 suis
475 2683 626 2760 gloriatur·
643 2683 817 2756 benefactis,
848 2686 1002 2760 cognoscat
1028 2683 1165 2762 quicquid
1192 2684 1261 2746 boni

156 2785 246 2846 habet
267 2785 314 2847 rel
336 2784 405 2845 lacit
426 2786 494 2862 quia
516 2803 533 2845 a
555 2785 616 2846 [leo
638 2783 745 2856 habet,
771 2787 801 2844 et
821 2801 877 2844 non
900 2802 917 2844 a
938 2801 992 2856 se,
1021 2787 1050 2843 in
1072 2784 1154 2864 cujus
1174 2784 1260 2846 laude

155 2905 245 2964 agere
273 2884 360 2944 debet
388 2885 525 2962 quicquid
553 2882 641 2956 lacit,
671 2887 704 2944 ut
730 2882 781 2945 liat
808 2883 884 2960 quod
913 2884 1140 2964 scriptumest:
1175 2881 1260 2960 «Qui

157 2987 312 3064 gloriatur,
335 2987 363 3046 in
386 2984 510 3046 Domino
532 2983 732 3060 gloriaeturnz
754 2986 784 3042 et
805 2984 865 3043 tres
886 3002 976 3044 arrnos
998 2986 1154 3066 poeniteat.

560 3143 606 3198 X.
646 3143 689 3192 DE
709 3141 857 3194 lnvluln.

222 3261 250 3328 s.
275 3257 302 3316 1.
336 3254 472 3316 «invidia
493 3253 643 3326 diaboli»,
675 3253 744 3315 dicit
766 3252 933 3333 Scriptura,
966 3271 1071 3315 «mors
1092 3255 1210 3316 intrarit
1231 3257 1260 3316 in

156 3355 258 3418 orbem
286 3359 479 3426 terrarum»;
510 3356 662 3416 imitantur
689 3356 788 3414 autem
817 3353 914 3425 illum,
948 3356 997 3432 qui
1024 3357 1092 3414 sunt
1120 3359 1261 3436 exparte

157 3455 240 3534 ejus;
262 3455 325 3516 ideo
347 3473 464 3515 necesse
486 3458 551 3527 est,
573 3457 606 3516 ut
628 3453 743 3514 invidus
766 3454 864 3531 diligat
885 3473 952 3514 eum
976 3455 1022 3516 cui
1044 3454 1209 3526 invidebat,
1231 3458 1261 3514 et

157 3557 210 3618 lll.
233 3573 322 3616 annos
344 3555 498 3632 poeniteat.
543 3557 570 3624 §.
593 3555 623 3614 2.
650 3551 706 3626 Qui
729 3571 817 3616 causa
840 3555 954 3616 invidiae
978 3553 1105 3614 detrahit
1125 3553 1190 3624 alio,
1212 3553 1261 3614 rel

156 3656 282 3720 libenter
303 3655 384 3716 audit
405 3653 627 3726 detrahentem,
650 3653 701 3714 lll.
725 3653 785 3713 dies
808 3654 836 3712 in
858 3673 932 3734 pane
954 3657 983 3713 et
1006 3671 1082 3731 aqua
1104 3653 1259 3732 poeniteat.

158 3761 186 3830 §.
210 3755 238 3814 3.
269 3752 329 3828 Qui
355 3772 426 3815 vero
452 3753 493 3813 illi
515 3755 564 3831 qui
586 3758 684 3834 preest
705 3772 759 3833 per
781 3753 918 3815 invidiam
941 3752 1083 3825 detrahit,
1115 3751 1176 3814 Vll.
1198 3751 1260 3814 dies

157 3857 186 3916 iu
209 3873 286 3934 pune
308 3857 337 3914 et
358 3873 434 3932 aqua
456 3856 618 3934 poeniteat,
640 3857 670 3914 et
691 3856 801 3915 serviat
823 3855 849 3916 ei
871 3853 1002 3913 libenter.

589 4011 661 4068 xl.
697 4013 742 4064 lili
761 4011 831 4064 IRA.

222 4114 251 4181 s.
275 4109 302 4169 1.
326 4093 398 4170 «lna
420 4108 514 4180 viri»,
536 4105 605 4167 dicit
621 4107 832 4184 apostolus,.«
838 4106 982 4184 justitiam
1003 4107 1058 4168 Ilei
1081 4125 1138 4170 non
1158 4125 1261 4186 opera·

157 4216 250 4272 turns
281 4208 358 4268 ideo
372 4208 504 4286 quisquis
531 4208 604 4268 iram
625 4206 710 4283 longo
730 4212 860 4286 tempore
883 4209 912 4269 in
934 4208 1021 4268 corde
1042 4210 1140 4269 servat
1161 4209 1260 4266 contra

157 4311 345 4392 proximum,
373 4309 517 4375 veraciter
544 4325 612 4368 cum
641 4307 864 4368 mansuetudine
893 4310 923 4366 et
950 4291 1131 4370 carinum
1157 4323 1258 4382 pacem

157 4411 277 4480 redeat,
305 4412 336 4468 et
362 4407 415 4471 lll.
437 4424 528 4468 anuos
558 4407 710 4484 poeniteat.
756 4411 785 4478 §.
807 4405 838 4466 2.
867 4406 898 4466 Si
927 4409 1025 4468 autem
1047 4407 1104 4468 duo
1132 4406 1205 4464 iuter
1226 4420 1258 4464 se

158 4513 233 4572 iram
261 4512 398 4580 tenuere,
426 4510 456 4566 et
483 4506 531 4566 ille
552 4525 628 4568 unus
649 4505 782 4584 placare,
812 4508 842 4566 et
863 4507 911 4569 ille
932 4506 1006 4568 altor
1027 4523 1084 4566 uon
1104 4502 1167 4566 vult
1189 4521 1259 4568 eum

200 4606 368 4660 strumoso,
384 4602 583 4663 violontoiiiipct
598 4605 779 4663 b.1nociioiptrn.
1037 4601 1060 4666 4
